3542 4784
316 554 355 604 11.
367 554 392 605 a.
403 553 500 621 ae-oo]
765 554 923 605 eamve
1328 541 1370 606 17

450 725 540 796 Quod
554 744 653 801 genus
667 724 716 784 illi
732 730 780 786 est
793 724 891 785 dnum
906 724 1028 803 pollens
1047 726 1142 804 atque
1162 722 1372 787 honoratlssu-

530 850 624 890 mum.

370 938 430 997 He.
451 935 534 1006 Quid
547 943 637 1015 Ipsus
650 936 729 997 hio?
751 955 813 1015 quo
825 936 974 996 hondrest
988 936 1082 995 illio?

372 1043 429 1102 Ph.
835 1041 962 1102 Sdmmo
977 1046 1071 1120 atque
1086 1044 1124 1101 ab
1140 1042 1269 1102 summis
1284 1042 1369 1103 uiris.

331 1166 358 1207 ao
370 1150 429 1209 He.
451 1149 533 1208 Tum
547 1146 653 1223 igitur,
668 1147 697 1207 ei
712 1166 805 1226 quom
820 1147 854 1206 in
867 1129 961 1207 Aleis
976 1152 1066 1207 tanta
1082 1147 1214 1224 gratiast
1232 1154 1268 1207 ut
1289 1148 1372 1226 prad·
1490 1165 1493 1170 ·

531 1252 626 1329 dieas,
1329 1266 1373 1311 aeo

451 1356 535 1428 Quid
549 1357 706 1419 diuitiae?
728 1355 842 1418 sdntne
857 1357 1004 1436 opimae?

371 1463 428 1522 Pa.
873 1463 965 1523 Vnde
979 1464 1131 1540 excoquat
1146 1461 1253 1523 sebdm
1269 1482 1371 1524 senex.

371 1571 431 1630 He.
453 1567 536 1639 Quid
549 1570 667 1647 pater?
687 1567 836 1629 uiultne?

372 1675 429 1735 Pa.
752 1674 867 1736 Viuom
882 1693 976 1751 quom
990 1673 1064 1733 inde
1079 1674 1199 1735 abimus
1215 1673 1372 1752 liquimus.

452 1778 546 1840 Ndno
566 1778 695 1839 uiuatne
715 1780 821 1855 neone,
835 1779 870 1839 id
884 1780 998 1840 Oreum
1014 1778 1092 1839 seire
1107 1785 1230 1857 oportet
1245 1777 1372 1839 seilicet.

378 1886 430 1962 Ty.
457 1884 585 1965 [Aside]
609 1884 704 1945 selua
724 1903 773 1946 res
795 1890 860 1945 est:
889 1883 1130 1963 philosophatur
1155 1886 1277 1963 qudque
1302 1885 1374 1960 iam,

533 2008 595 2049 non
609 1990 745 2050 mendax
760 1990 889 2051 modost.

333 2114 361 2154 ae
373 2097 432 2157 He.
454 2094 538 2166 Quid
551 2101 618 2157 erat
631 2095 661 2155 ei
674 2096 814 2156 nomen?

377 2203 432 2261 Ph.
776 2199 1315 2281 Thensaurochrysoniooohrysides.
1333 2214 1376 2259 285

374 2308 433 2368 He.
455 2305 613 2368 Videlicet
626 2306 756 2384 propter
769 2305 898 2366 diuitias
910 2305 1045 2366 inditum
1057 2306 1090 2366 id
1101 2307 1214 2365 nomen
1226 2306 1373 2382 quasist?

375 2413 432 2472 Pa.
454 2393 555 2472 lmmo
578 2410 689 2489 edepol
710 2413 838 2489 propter
858 2410 1025 2471 auaritiam
1051 2410 1150 2489 ipsius
1172 2418 1265 2489 atque
1287 2412 1377 2472 audat-

534 2516 623 2577 eiam.

456 2623 539 2683 Nam
576 2622 630 2682 ssle
665 2620 792 2700 quidem
826 2621 1097 2682 Theoddromedes
1133 2620 1196 2681 fuit
1231 2640 1376 2697 germano

536 2727 670 2789 nomine.

376 2836 434 2895 He.
456 2832 539 2904 Quid
552 2838 588 2893 tu
602 2832 676 2893 ais?
696 2831 831 2893 tenaxne
846 2837 935 2909 pater
950 2837 998 2892 est
1012 2830 1106 2892 eids?

377 2941 432 2999 Ph.
983 2937 1083 2996 Immo
1098 2936 1207 3013 edepol
1222 2936 1375 3015 pertinax,

337 3063 364 3103 eo
456 3041 654 3114 Quinetiam
676 3049 712 3104 ut
733 3049 832 3119 magle
853 3043 972 3117 ndsoas,
988 3042 1079 3118 genio
1102 3040 1156 3102 sdo
1178 3042 1231 3103 ubi
1253 3042 1378 3119 quando

537 3148 710 3223 sacruficat,
1334 3160 1379 3204 290

458 3236 515 3314 dd
528 3273 594 3315 rem
609 3252 747 3314 diuinam
765 3252 878 3330 quibus
893 3258 942 3313 est
956 3260 1034 3330 opds
1046 3252 1160 3313 Satmiis
1172 3252 1257 3312 uasis
1268 3250 1377 3327 dtitur,

457 3361 507 3420 Ne
519 3359 585 3437 lpse
595 3358 715 3421 Genius
725 3357 881 3435 sdrripiat.
915 3359 1044 3436 proinde
1054 3357 1171 3418 aliisut
1180 3358 1286 3417 eredat
1296 3357 1377 3418 uide.

379 3465 436 3527 He.
460 3465 595 3544 Sequere
608 3465 668 3524 hae
682 3482 731 3523 me
745 3463 850 3539 igitur.
895 3464 1002 3523 eadem
1017 3482 1073 3539 ego
1088 3483 1126 3523 ex
1140 3464 1198 3522 hoo
1213 3464 1293 3541 quad
1307 3462 1380 3523 uolo
1447 3477 1450 3484 ’

538 3568 761 3648 exquaesiuero
779 3567 981 3647 [opprooclaea
999 3570 1186 3650 Tyndarus}

459 3675 663 3750 Philocrates,
678 3674 730 3733 hio
744 3674 822 3733 feeit
838 3672 997 3732 hominem
1013 3671 1099 3762 frdgi
1116 3680 1152 3734 ut
1170 3675 1273 3734 faeere
1295 3675 1381 3752 opdr-

538 3781 610 3841 tuit.

342 3906 369 3946 eo
459 3888 543 3947 Nam
561 3886 565 3969 Ι
584 3905 640 3963 ego
661 3904 701 3945 ex
720 3885 779 3945 hoo
801 3902 862 3962 quo
882 3883 994 3961 genere
1019 3888 1133 3960 gnatus
1155 3882 1198 3944 sis
1220 3883 1300 3958 soio;
1329 3882 1382 3945 hio

530 3990 650 4052 fassdst
664 3990 751 4049 mihi.
1337 4001 1382 4049 295

494 4108 511 4147 o
