<?xml version="1.0" encoding="UTF-8"?>
<!DOCTYPE html PUBLIC "-//W3C//DTD XHTML 1.0 Transitional//EN"
    "http://www.w3.org/TR/xhtml1/DTD/xhtml1-transitional.dtd">
<html xmlns="http://www.w3.org/1999/xhtml" xml:lang="en" lang="en">
 <head>
  <title>
</title>
<meta http-equiv="Content-Type" content="text/html;charset=utf-8" />
  <meta name='ocr-system' content='tesseract 3.04.00' />
  <meta name='ocr-capabilities' content='ocr_page ocr_carea ocr_par ocr_line ocrx_word'/>
</head>
<body>
  <div class='ocr_page' id='page_1' title='image "./tmacciplavticap00plaugoog_0072.png"; bbox 0 0 3542 4784; ppageno 0'>
   <div class='ocr_carea' id='block_1_1' title="bbox 842 665 1018 731">
    <p class='ocr_par' dir='ltr' id='par_1_1' title="bbox 842 665 1018 731">
     <span class='ocr_line' id='line_1_1' title="bbox 842 665 1018 731; baseline -0.011 0"><span class='ocrx_word' id='word_1_1' title='bbox 842 666 964 731; x_wconf 83' lang='lat' dir='ltr'>Scnnn</span> <span class='ocrx_word' id='word_1_2' title='bbox 987 665 1018 729; x_wconf 83' lang='lat'>2.</span> 
     </span>
    </p>
   </div>
   <div class='ocr_carea' id='block_1_2' title="bbox 406 853 1385 1163">
    <p class='ocr_par' dir='ltr' id='par_1_2' title="bbox 406 853 1385 1163">
     <span class='ocr_line' id='line_1_2' title="bbox 406 853 1373 920; baseline 0 -13"><span class='ocrx_word' id='word_1_3' title='bbox 406 858 500 920; x_wconf 80' lang='lat' dir='ltr'>Hegio.</span> <span class='ocrx_word' id='word_1_4' title='bbox 514 854 709 907; x_wconf 81' lang='lat' dir='ltr'>cverwhelrned</span> <span class='ocrx_word' id='word_1_5' title='bbox 722 853 824 919; x_wconf 77' lang='lat' dir='ltr'>though</span> <span class='ocrx_word' id='word_1_6' title='bbox 834 853 869 904; x_wconf 87' lang='lat' dir='ltr'>he</span> <span class='ocrx_word' id='word_1_7' title='bbox 881 854 904 904; x_wconf 79' lang='lat' dir='ltr'>ir</span> <span class='ocrx_word' id='word_1_8' title='bbox 915 853 982 903; x_wconf 81' lang='lat' dir='ltr'>with</span> <span class='ocrx_word' id='word_1_9' title='bbox 993 854 1112 918; x_wconf 80' lang='lat' dir='ltr'><strong>trouble,</strong></span> <span class='ocrx_word' id='word_1_10' title='bbox 1124 856 1184 906; x_wconf 85' lang='lat' dir='ltr'>etill</span> <span class='ocrx_word' id='word_1_11' title='bbox 1199 857 1296 909; x_wconf 72' lang='lat' dir='ltr'>thinks</span> <span class='ocrx_word' id='word_1_12' title='bbox 1307 856 1335 908; x_wconf 86' lang='lat' dir='ltr'>oi</span> <span class='ocrx_word' id='word_1_13' title='bbox 1345 858 1373 907; x_wconf 79' lang='lat' dir='ltr'>tn</span> 
     </span>
     <span class='ocr_line' id='line_1_3' title="bbox 448 935 1379 999; baseline -0.001 -11"><span class='ocrx_word' id='word_1_14' title='bbox 448 940 501 988; x_wconf 76' lang='lat' dir='ltr'>{ort</span> <span class='ocrx_word' id='word_1_15' title='bbox 513 939 542 988; x_wconf 86' lang='lat' dir='ltr'>oi</span> <span class='ocrx_word' id='word_1_16' title='bbox 553 938 651 989; x_wconf 80' lang='lat' dir='ltr'>cibem.</span> <span class='ocrx_word' id='word_1_17' title='bbox 686 937 739 987; x_wconf 79' lang='lat' dir='ltr'>For</span> <span class='ocrx_word' id='word_1_18' title='bbox 750 936 792 986; x_wconf 78' lang='lat' dir='ltr'>hie</span> <span class='ocrx_word' id='word_1_19' title='bbox 804 950 865 986; x_wconf 87' lang='lat' dir='ltr'>own</span> <span class='ocrx_word' id='word_1_20' title='bbox 876 935 1027 999; x_wconf 64' lang='lat' dir='ltr'>emerium,</span> <span class='ocrx_word' id='word_1_21' title='bbox 1038 935 1073 985; x_wconf 88' lang='lat' dir='ltr'>he</span> <span class='ocrx_word' id='word_1_22' title='bbox 1086 938 1213 990; x_wconf 80' lang='lat' dir='ltr'>receives</span> <span class='ocrx_word' id='word_1_23' title='bbox 1226 955 1262 990; x_wconf 88' lang='lat' dir='ltr'>an</span> <span class='ocrx_word' id='word_1_24' title='bbox 1275 939 1379 991; x_wconf 79' lang='lat' dir='ltr'>abunda</span> 
     </span>
     <span class='ocr_line' id='line_1_4' title="bbox 447 1018 1385 1085; baseline 0.002 -15"><span class='ocrx_word' id='word_1_25' title='bbox 447 1021 591 1085; x_wconf 70' lang='lat' dir='ltr'>sympathy</span> <span class='ocrx_word' id='word_1_26' title='bbox 604 1021 673 1071; x_wconf 88' lang='lat' dir='ltr'>irom</span> <span class='ocrx_word' id='word_1_27' title='bbox 690 1019 837 1083; x_wconf 72' lang='lat' dir='ltr'>Ergasilus,</span> <span class='ocrx_word' id='word_1_28' title='bbox 852 1019 914 1068; x_wconf 87' lang='lat' dir='ltr'>who</span> <span class='ocrx_word' id='word_1_29' title='bbox 930 1018 994 1069; x_wconf 77' lang='lat' dir='ltr'>thus</span> <span class='ocrx_word' id='word_1_30' title='bbox 1011 1032 1123 1070; x_wconf 81' lang='lat' dir='ltr'>secures</span> <span class='ocrx_word' id='word_1_31' title='bbox 1142 1035 1182 1072; x_wconf 85' lang='lat' dir='ltr'>an</span> <span class='ocrx_word' id='word_1_32' title='bbox 1204 1022 1350 1074; x_wconf 83' lang='lat' dir='ltr'>invitation</span> <span class='ocrx_word' id='word_1_33' title='bbox 1365 1028 1385 1072; x_wconf 77' lang='lat' dir='ltr'>e</span> 
     </span>
     <span class='ocr_line' id='line_1_5' title="bbox 447 1100 994 1163; baseline -0.007 -9"><span class='ocrx_word' id='word_1_34' title='bbox 447 1119 543 1155; x_wconf 74' lang='lat' dir='ltr'>ncn-</span> <span class='ocrx_word' id='word_1_35' title='bbox 552 1105 604 1154; x_wconf 83' lang='lat' dir='ltr'>For</span> <span class='ocrx_word' id='word_1_36' title='bbox 615 1103 661 1153; x_wconf 78' lang='lat' dir='ltr'>the</span> <span class='ocrx_word' id='word_1_37' title='bbox 673 1108 766 1163; x_wconf 77' lang='lat' dir='ltr'>metro,</span> <span class='ocrx_word' id='word_1_38' title='bbox 779 1115 823 1153; x_wconf 79' lang='lat' dir='ltr'>see</span> <span class='ocrx_word' id='word_1_39' title='bbox 836 1100 938 1151; x_wconf 77' lang='lat' dir='ltr'>Introd.</span> <span class='ocrx_word' id='word_1_40' title='bbox 952 1102 994 1151; x_wconf 80' lang='lat'>42.</span> 
     </span>
    </p>
   </div>
   <div class='ocr_carea' id='block_1_3' title="bbox 685 1265 1184 1317">
    <p class='ocr_par' dir='ltr' id='par_1_3' title="bbox 685 1265 1184 1317">
     <span class='ocr_line' id='line_1_6' title="bbox 685 1265 1184 1317; baseline 0.004 -2"><span class='ocrx_word' id='word_1_41' title='bbox 685 1266 786 1316; x_wconf 81' lang='lat' dir='ltr'>ilrcro.</span> <span class='ocrx_word' id='word_1_42' title='bbox 823 1265 976 1315; x_wconf 74' lang='lat' dir='ltr'>Lonrnrve.</span> <span class='ocrx_word' id='word_1_43' title='bbox 1014 1265 1184 1317; x_wconf 68' lang='lat' dir='ltr'>Eneeernve.</span> 
     </span>
    </p>
   </div>
   <div class='ocr_carea' id='block_1_4' title="bbox 408 1391 1411 1571">
    <p class='ocr_par' dir='ltr' id='par_1_4' title="bbox 408 1391 1411 1571">
     <span class='ocr_line' id='line_1_7' title="bbox 408 1391 1411 1472; baseline -0.004 -19"><span class='ocrx_word' id='word_1_44' title='bbox 408 1392 525 1472; x_wconf 72' lang='lat' dir='ltr'>[Ilepio</span> <span class='ocrx_word' id='word_1_45' title='bbox 547 1410 643 1452; x_wconf 72' lang='lat' dir='ltr'>comes</span> <span class='ocrx_word' id='word_1_46' title='bbox 665 1400 714 1450; x_wconf 78' lang='lat' dir='ltr'>ont</span> <span class='ocrx_word' id='word_1_47' title='bbox 737 1393 775 1466; x_wconf 88' lang='lat' dir='ltr'>of</span> <span class='ocrx_word' id='word_1_48' title='bbox 793 1391 841 1448; x_wconf 78' lang='lat' dir='ltr'>hie</span> <span class='ocrx_word' id='word_1_49' title='bbox 862 1391 954 1449; x_wconf 74' lang='lat' dir='ltr'>deuse</span> <span class='ocrx_word' id='word_1_50' title='bbox 976 1391 1046 1449; x_wconf 73' lang='lat' dir='ltr'>wite</span> <span class='ocrx_word' id='word_1_51' title='bbox 1071 1409 1113 1449; x_wconf 79' lang='lat' dir='ltr'>an</span> <span class='ocrx_word' id='word_1_52' title='bbox 1139 1410 1283 1454; x_wconf 76' lang='lat' dir='ltr'>overseer</span> <span class='ocrx_word' id='word_1_53' title='bbox 1305 1397 1343 1470; x_wconf 82' lang='lat' dir='ltr'>os</span> <span class='ocrx_word' id='word_1_54' title='bbox 1361 1394 1411 1452; x_wconf 73' lang='lat' dir='ltr'>elei</span> 
     </span>
     <span class='ocr_line' id='line_1_8' title="bbox 603 1489 1273 1571; baseline 0.003 -24"><span class='ocrx_word' id='word_1_55' title='bbox 603 1489 912 1565; x_wconf 63' lang='lat' dir='ltr'>Erpeeiluesemaine</span> <span class='ocrx_word' id='word_1_56' title='bbox 926 1490 1110 1547; x_wconf 72' lang='lat' dir='ltr'>renobeereed</span> <span class='ocrx_word' id='word_1_57' title='bbox 1123 1496 1158 1546; x_wconf 76' lang='lat' dir='ltr'>ai</span> <span class='ocrx_word' id='word_1_58' title='bbox 1168 1492 1273 1571; x_wconf 64' lang='lat' dir='ltr'>first]</span> 
     </span>
    </p>
   </div>
   <div class='ocr_carea' id='block_1_5' title="bbox 411 1625 1469 3706">
    <p class='ocr_par' dir='ltr' id='par_1_5' title="bbox 411 1625 1469 3706">
     <span class='ocr_line' id='line_1_9' title="bbox 448 1625 1428 1704; baseline 0.001 -15"><span class='ocrx_word' id='word_1_59' title='bbox 448 1631 505 1689; x_wconf 86' lang='lat' dir='ltr'>Ile.</span> <span class='ocrx_word' id='word_1_60' title='bbox 528 1627 669 1687; x_wconf 77' lang='lat' dir='ltr'>Aduertc</span> <span class='ocrx_word' id='word_1_61' title='bbox 684 1626 821 1686; x_wconf 86' lang='lat' dir='ltr'>animum</span> <span class='ocrx_word' id='word_1_62' title='bbox 838 1625 898 1686; x_wconf 84' lang='lat' dir='ltr'>sis:</span> <span class='ocrx_word' id='word_1_63' title='bbox 921 1632 955 1685; x_wconf 85' lang='lat' dir='ltr'>tn</span> <span class='ocrx_word' id='word_1_64' title='bbox 971 1625 1049 1687; x_wconf 81' lang='lat' dir='ltr'>istos</span> <span class='ocrx_word' id='word_1_65' title='bbox 1063 1625 1210 1704; x_wconf 80' lang='lat' dir='ltr'>capiiues</span> <span class='ocrx_word' id='word_1_66' title='bbox 1224 1629 1307 1690; x_wconf 87' lang='lat' dir='ltr'>duos</span> <span class='ocrx_word' id='word_1_67' title='bbox 1415 1638 1428 1682; x_wconf 41' lang='lat'>1«</span> 
     </span>
     <span class='ocr_line' id='line_1_10' title="bbox 528 1730 1299 1810; baseline 0.001 -19"><span class='ocrx_word' id='word_1_68' title='bbox 528 1734 607 1793; x_wconf 81' lang='lat' dir='ltr'>Heri</span> <span class='ocrx_word' id='word_1_69' title='bbox 622 1733 700 1809; x_wconf 82' lang='lat' dir='ltr'>ques</span> <span class='ocrx_word' id='word_1_70' title='bbox 715 1731 776 1790; x_wconf 91' lang='lat' dir='ltr'>emi</span> <span class='ocrx_word' id='word_1_71' title='bbox 791 1731 829 1790; x_wconf 92' lang='lat' dir='ltr'>de</span> <span class='ocrx_word' id='word_1_72' title='bbox 843 1730 960 1810; x_wconf 84' lang='lat' dir='ltr'>praeda</span> <span class='ocrx_word' id='word_1_73' title='bbox 974 1732 1012 1791; x_wconf 91' lang='lat' dir='ltr'>de</span> <span class='ocrx_word' id='word_1_74' title='bbox 1026 1732 1247 1809; x_wconf 78' lang='lat' dir='ltr'>quaesteribus</span> <span class='ocrx_word' id='word_1_75' title='bbox 1257 1769 1299 1780; x_wconf 98' lang='lat'><strong>—</strong></span> 
     </span>
     <span class='ocr_line' id='line_1_11' title="bbox 529 1836 1049 1913; baseline 0 -16"><span class='ocrx_word' id='word_1_76' title='bbox 529 1838 590 1898; x_wconf 88' lang='lat' dir='ltr'>His</span> <span class='ocrx_word' id='word_1_77' title='bbox 605 1837 706 1897; x_wconf 85' lang='lat' dir='ltr'>indito</span> <span class='ocrx_word' id='word_1_78' title='bbox 721 1837 845 1896; x_wconf 76' lang='lat' dir='ltr'>catenas</span> <span class='ocrx_word' id='word_1_79' title='bbox 861 1836 1049 1913; x_wconf 80' lang='lat' dir='ltr'>singulerias</span> 
     </span>
     <span class='ocr_line' id='line_1_12' title="bbox 529 1940 1259 2019; baseline 0.003 -17"><span class='ocrx_word' id='word_1_80' title='bbox 529 1944 629 2017; x_wconf 80' lang='lat' dir='ltr'>Istea;</span> <span class='ocrx_word' id='word_1_81' title='bbox 652 1943 784 2002; x_wconf 88' lang='lat' dir='ltr'>maiores</span> <span class='ocrx_word' id='word_1_82' title='bbox 799 1940 912 2019; x_wconf 79' lang='lat' dir='ltr'>quibns</span> <span class='ocrx_word' id='word_1_83' title='bbox 927 1946 1002 2001; x_wconf 81' lang='lat' dir='ltr'>sunt</span> <span class='ocrx_word' id='word_1_84' title='bbox 1016 1941 1116 2001; x_wconf 78' lang='lat' dir='ltr'>iuncti</span> <span class='ocrx_word' id='word_1_85' title='bbox 1130 1942 1259 2004; x_wconf 80' lang='lat' dir='ltr'>demite.</span> 
     </span>
     <span class='ocr_line' id='line_1_13' title="bbox 530 2044 1236 2121; baseline 0 -12"><span class='ocrx_word' id='word_1_86' title='bbox 530 2048 633 2109; x_wconf 84' lang='lat' dir='ltr'>Sinite</span> <span class='ocrx_word' id='word_1_87' title='bbox 647 2047 816 2121; x_wconf 84' lang='lat' dir='ltr'>embulare,</span> <span class='ocrx_word' id='word_1_88' title='bbox 832 2046 860 2107; x_wconf 86' lang='lat' dir='ltr'>si</span> <span class='ocrx_word' id='word_1_89' title='bbox 874 2047 952 2107; x_wconf 85' lang='lat' dir='ltr'>foris</span> <span class='ocrx_word' id='word_1_90' title='bbox 968 2044 995 2106; x_wconf 83' lang='lat' dir='ltr'>ai</span> <span class='ocrx_word' id='word_1_91' title='bbox 1009 2045 1096 2106; x_wconf 69' lang='lat' dir='ltr'>initis</span> <span class='ocrx_word' id='word_1_92' title='bbox 1109 2047 1236 2109; x_wconf 79' lang='lat' dir='ltr'>uolent:</span> 
     </span>
     <span class='ocr_line' id='line_1_14' title="bbox 531 2151 1451 2228; baseline -0.005 -14"><span class='ocrx_word' id='word_1_93' title='bbox 531 2154 592 2214; x_wconf 87' lang='lat' dir='ltr'>Sed</span> <span class='ocrx_word' id='word_1_94' title='bbox 607 2152 654 2212; x_wconf 79' lang='lat' dir='ltr'>uti</span> <span class='ocrx_word' id='word_1_95' title='bbox 669 2153 875 2212; x_wconf 74' lang='lat' dir='ltr'>edserneniur</span> <span class='ocrx_word' id='word_1_96' title='bbox 890 2152 1002 2228; x_wconf 86' lang='lat' dir='ltr'>megna</span> <span class='ocrx_word' id='word_1_97' title='bbox 1016 2151 1190 2228; x_wconf 78' lang='lat' dir='ltr'>diligentia.</span> <span class='ocrx_word' id='word_1_98' title='bbox 1417 2162 1451 2211; x_wconf 81' lang='lat'>115</span> 
     </span>
     <span class='ocr_line' id='line_1_15' title="bbox 530 2256 1229 2336; baseline 0.001 -19"><span class='ocrx_word' id='word_1_99' title='bbox 530 2259 624 2320; x_wconf 89' lang='lat' dir='ltr'>Liber</span> <span class='ocrx_word' id='word_1_100' title='bbox 639 2258 780 2336; x_wconf 76' lang='lat' dir='ltr'>captiuos</span> <span class='ocrx_word' id='word_1_101' title='bbox 794 2258 862 2317; x_wconf 83' lang='lat' dir='ltr'>euis</span> <span class='ocrx_word' id='word_1_102' title='bbox 877 2257 963 2317; x_wconf 83' lang='lat' dir='ltr'>ferae</span> <span class='ocrx_word' id='word_1_103' title='bbox 978 2256 1150 2318; x_wconf 84' lang='lat' dir='ltr'>consimilis</span> <span class='ocrx_word' id='word_1_104' title='bbox 1164 2263 1229 2319; x_wconf 79' lang='lat' dir='ltr'>est:</span> 
     </span>
     <span class='ocr_line' id='line_1_16' title="bbox 532 2362 1096 2439; baseline -0.002 -15"><span class='ocrx_word' id='word_1_105' title='bbox 532 2364 633 2424; x_wconf 88' lang='lat' dir='ltr'>Semel</span> <span class='ocrx_word' id='word_1_106' title='bbox 648 2363 790 2438; x_wconf 85' lang='lat' dir='ltr'>fugiendi</span> <span class='ocrx_word' id='word_1_107' title='bbox 806 2362 833 2423; x_wconf 88' lang='lat' dir='ltr'>si</span> <span class='ocrx_word' id='word_1_108' title='bbox 847 2364 953 2423; x_wconf 69' lang='lat' dir='ltr'>datast</span> <span class='ocrx_word' id='word_1_109' title='bbox 967 2362 1096 2439; x_wconf 73' lang='lat' dir='ltr'>moenio,</span> 
     </span>
     <span class='ocr_line' id='line_1_17' title="bbox 532 2467 1343 2547; baseline 0.001 -17"><span class='ocrx_word' id='word_1_110' title='bbox 532 2469 615 2530; x_wconf 82' lang='lat' dir='ltr'>Satis</span> <span class='ocrx_word' id='word_1_111' title='bbox 630 2470 726 2529; x_wconf 79' lang='lat' dir='ltr'>est—</span> <span class='ocrx_word' id='word_1_112' title='bbox 735 2487 905 2545; x_wconf 79' lang='lat' dir='ltr'><strong>numquam</strong></span> <span class='ocrx_word' id='word_1_113' title='bbox 921 2467 1050 2547; x_wconf 81' lang='lat' dir='ltr'>posissla</span> <span class='ocrx_word' id='word_1_114' title='bbox 1063 2468 1165 2547; x_wconf 83' lang='lat' dir='ltr'>possis</span> <span class='ocrx_word' id='word_1_115' title='bbox 1179 2469 1343 2547; x_wconf 73' lang='lat' dir='ltr'>prendere.</span> 
     </span>
     <span class='ocr_line' id='line_1_18' title="bbox 411 2574 1081 2653; baseline -0.001 -17"><span class='ocrx_word' id='word_1_116' title='bbox 411 2594 436 2636; x_wconf 79' lang='grc' dir='ltr'>ιο</span> <span class='ocrx_word' id='word_1_117' title='bbox 451 2578 505 2637; x_wconf 89' lang='lat' dir='ltr'>Lo.</span> <span class='ocrx_word' id='word_1_118' title='bbox 532 2576 647 2636; x_wconf 87' lang='lat' dir='ltr'>Omnes</span> <span class='ocrx_word' id='word_1_119' title='bbox 662 2575 803 2653; x_wconf 80' lang='lat' dir='ltr'>profecto</span> <span class='ocrx_word' id='word_1_120' title='bbox 817 2574 908 2635; x_wconf 83' lang='lat' dir='ltr'>liberi</span> <span class='ocrx_word' id='word_1_121' title='bbox 923 2574 1081 2635; x_wconf 83' lang='lat' dir='ltr'>lubentius</span> 
     </span>
     <span class='ocr_line' id='line_1_19' title="bbox 533 2680 930 2759; baseline -0.008 -17"><span class='ocrx_word' id='word_1_122' title='bbox 533 2682 646 2742; x_wconf 76' lang='lat' dir='ltr'>Sumne</span> <span class='ocrx_word' id='word_1_123' title='bbox 660 2680 754 2759; x_wconf 82' lang='lat' dir='ltr'>quem</span> <span class='ocrx_word' id='word_1_124' title='bbox 769 2680 930 2741; x_wconf 86' lang='lat' dir='ltr'>seruimns.</span> 
     </span>
     <span class='ocr_line' id='line_1_20' title="bbox 453 2784 1463 2865; baseline -0.001 -18"><span class='ocrx_word' id='word_1_125' title='bbox 453 2790 510 2847; x_wconf 90' lang='lat' dir='ltr'>He.</span> <span class='ocrx_word' id='word_1_126' title='bbox 966 2786 1039 2846; x_wconf 85' lang='lat' dir='ltr'>Nen</span> <span class='ocrx_word' id='word_1_127' title='bbox 1049 2785 1157 2846; x_wconf 80' lang='lat' dir='ltr'>uidere</span> <span class='ocrx_word' id='word_1_128' title='bbox 1167 2785 1214 2846; x_wconf 79' lang='lat' dir='ltr'>iia</span> <span class='ocrx_word' id='word_1_129' title='bbox 1223 2784 1408 2865; x_wconf 71' lang='lat' dir='ltr'>tequidem.</span> <span class='ocrx_word' id='word_1_130' title='bbox 1426 2798 1463 2847; x_wconf 77' lang='lat'>120</span> 
     </span>
     <span class='ocr_line' id='line_1_21' title="bbox 452 2890 1461 2972; baseline 0 -20"><span class='ocrx_word' id='word_1_131' title='bbox 452 2896 506 2953; x_wconf 89' lang='lat' dir='ltr'>Lo.</span> <span class='ocrx_word' id='word_1_132' title='bbox 534 2892 567 2953; x_wconf 85' lang='lat' dir='ltr'>Si</span> <span class='ocrx_word' id='word_1_133' title='bbox 581 2893 644 2951; x_wconf 83' lang='lat' dir='ltr'>nen</span> <span class='ocrx_word' id='word_1_134' title='bbox 658 2898 706 2952; x_wconf 79' lang='lat' dir='ltr'>est</span> <span class='ocrx_word' id='word_1_135' title='bbox 721 2890 804 2969; x_wconf 89' lang='lat' dir='ltr'>quod</span> <span class='ocrx_word' id='word_1_136' title='bbox 819 2891 900 2968; x_wconf 90' lang='lat' dir='ltr'>dem,</span> <span class='ocrx_word' id='word_1_137' title='bbox 915 2892 1006 2951; x_wconf 92' lang='lat' dir='ltr'>mene</span> <span class='ocrx_word' id='word_1_138' title='bbox 1020 2891 1069 2952; x_wconf 87' lang='lat' dir='ltr'>uis</span> <span class='ocrx_word' id='word_1_139' title='bbox 1084 2891 1155 2951; x_wconf 91' lang='lat' dir='ltr'>dem</span> <span class='ocrx_word' id='word_1_140' title='bbox 1169 2890 1331 2969; x_wconf 83' lang='lat' dir='ltr'>ipse—in</span> <span class='ocrx_word' id='word_1_141' title='bbox 1345 2894 1461 2972; x_wconf 83' lang='lat' dir='ltr'>pedes?</span> 
     </span>
     <span class='ocr_line' id='line_1_22' title="bbox 453 2996 1323 3076; baseline 0 -19"><span class='ocrx_word' id='word_1_142' title='bbox 453 3000 509 3057; x_wconf 87' lang='lat' dir='ltr'>He.</span> <span class='ocrx_word' id='word_1_143' title='bbox 534 2997 568 3057; x_wconf 85' lang='lat' dir='ltr'>Si</span> <span class='ocrx_word' id='word_1_144' title='bbox 582 2997 714 3074; x_wconf 85' lang='lat' dir='ltr'>dederis,</span> <span class='ocrx_word' id='word_1_145' title='bbox 729 2997 790 3057; x_wconf 83' lang='lat' dir='ltr'>erit</span> <span class='ocrx_word' id='word_1_146' title='bbox 805 2996 963 3076; x_wconf 78' lang='lat' dir='ltr'>extemplo</span> <span class='ocrx_word' id='word_1_147' title='bbox 977 2998 1056 3057; x_wconf 89' lang='lat' dir='ltr'>mihi</span> <span class='ocrx_word' id='word_1_148' title='bbox 1070 2996 1153 3075; x_wconf 88' lang='lat' dir='ltr'>quod</span> <span class='ocrx_word' id='word_1_149' title='bbox 1168 2996 1239 3057; x_wconf 89' lang='lat' dir='ltr'>dem</span> <span class='ocrx_word' id='word_1_150' title='bbox 1253 2996 1323 3058; x_wconf 80' lang='lat' dir='ltr'>tibi.</span> 
     </span>
     <span class='ocr_line' id='line_1_23' title="bbox 452 3101 1362 3181; baseline 0.003 -19"><span class='ocrx_word' id='word_1_151' title='bbox 452 3105 508 3162; x_wconf 79' lang='lat' dir='ltr'>Lo,</span> <span class='ocrx_word' id='word_1_152' title='bbox 534 3103 613 3164; x_wconf 81' lang='lat' dir='ltr'>Auis</span> <span class='ocrx_word' id='word_1_153' title='bbox 628 3103 677 3162; x_wconf 93' lang='lat' dir='ltr'>me</span> <span class='ocrx_word' id='word_1_154' title='bbox 692 3103 777 3163; x_wconf 81' lang='lat' dir='ltr'>ferae</span> <span class='ocrx_word' id='word_1_155' title='bbox 792 3101 985 3163; x_wconf 84' lang='lat' dir='ltr'>consimilem</span> <span class='ocrx_word' id='word_1_156' title='bbox 1000 3103 1125 3177; x_wconf 84' lang='lat' dir='ltr'>faciam,</span> <span class='ocrx_word' id='word_1_157' title='bbox 1139 3107 1177 3163; x_wconf 84' lang='lat' dir='ltr'>ut</span> <span class='ocrx_word' id='word_1_158' title='bbox 1190 3102 1362 3181; x_wconf 74' lang='lat' dir='ltr'>praedicas.</span> 
     </span>
     <span class='ocr_line' id='line_1_24' title="bbox 415 3207 1330 3285; baseline 0.005 -22"><span class='ocrx_word' id='word_1_159' title='bbox 415 3224 438 3263; x_wconf 78' lang='lat' dir='ltr'>m</span> <span class='ocrx_word' id='word_1_160' title='bbox 453 3210 510 3267; x_wconf 88' lang='lat' dir='ltr'>He.</span> <span class='ocrx_word' id='word_1_161' title='bbox 534 3208 586 3268; x_wconf 78' lang='lat' dir='ltr'>Ita</span> <span class='ocrx_word' id='word_1_162' title='bbox 598 3214 635 3269; x_wconf 77' lang='lat' dir='ltr'>nt</span> <span class='ocrx_word' id='word_1_163' title='bbox 649 3207 745 3269; x_wconf 87' lang='lat' dir='ltr'>dicis:</span> <span class='ocrx_word' id='word_1_164' title='bbox 768 3228 840 3269; x_wconf 93' lang='lat' dir='ltr'>nam</span> <span class='ocrx_word' id='word_1_165' title='bbox 855 3207 883 3268; x_wconf 86' lang='lat' dir='ltr'>si</span> <span class='ocrx_word' id='word_1_166' title='bbox 898 3208 991 3285; x_wconf 80' lang='lat' dir='ltr'>fenis,</span> <span class='ocrx_word' id='word_1_167' title='bbox 1006 3215 1038 3270; x_wconf 75' lang='lat' dir='ltr'>tc</span> <span class='ocrx_word' id='word_1_168' title='bbox 1053 3209 1086 3268; x_wconf 93' lang='lat' dir='ltr'>in</span> <span class='ocrx_word' id='word_1_169' title='bbox 1100 3208 1227 3269; x_wconf 88' lang='lat' dir='ltr'>caueem</span> <span class='ocrx_word' id='word_1_170' title='bbox 1241 3208 1330 3268; x_wconf 87' lang='lat' dir='ltr'>dabo.</span> 
     </span>
     <span class='ocr_line' id='line_1_25' title="bbox 535 3312 1467 3395; baseline 0 -22"><span class='ocrx_word' id='word_1_171' title='bbox 535 3312 596 3373; x_wconf 82' lang='lat' dir='ltr'>Sed</span> <span class='ocrx_word' id='word_1_172' title='bbox 611 3314 687 3374; x_wconf 80' lang='lat' dir='ltr'>setis</span> <span class='ocrx_word' id='word_1_173' title='bbox 702 3314 914 3375; x_wconf 77' lang='lat' dir='ltr'>uerborumst:</span> <span class='ocrx_word' id='word_1_174' title='bbox 940 3312 1015 3375; x_wconf 77' lang='lat' dir='ltr'>cera</span> <span class='ocrx_word' id='word_1_175' title='bbox 1029 3333 1108 3393; x_wconf 88' lang='lat' dir='ltr'>qnae</span> <span class='ocrx_word' id='word_1_176' title='bbox 1122 3312 1201 3374; x_wconf 84' lang='lat' dir='ltr'>iussi</span> <span class='ocrx_word' id='word_1_177' title='bbox 1215 3313 1309 3391; x_wconf 77' lang='lat' dir='ltr'>etque</span> <span class='ocrx_word' id='word_1_178' title='bbox 1323 3313 1376 3375; x_wconf 94' lang='lat' dir='ltr'>abi</span> <span class='ocrx_word' id='word_1_179' title='bbox 1395 3314 1467 3395; x_wconf 73' lang='lat' dir='ltr'>[exit</span> 
     </span>
     <span class='ocr_line' id='line_1_26' title="bbox 614 3419 1469 3501; baseline 0.004 -25"><span class='ocrx_word' id='word_1_180' title='bbox 614 3419 661 3477; x_wconf 72' lang='lat' dir='ltr'>the</span> <span class='ocrx_word' id='word_1_181' title='bbox 675 3420 807 3478; x_wconf 66' lang='lat' dir='ltr'>locemus</span> <span class='ocrx_word' id='word_1_182' title='bbox 822 3424 884 3479; x_wconf 78' lang='lat' dir='ltr'>into</span> <span class='ocrx_word' id='word_1_183' title='bbox 898 3421 1014 3501; x_wconf 71' lang='lat' dir='ltr'>dorice}</span> <span class='ocrx_word' id='word_1_184' title='bbox 1427 3432 1469 3479; x_wconf 72' lang='lat'>126</span> 
     </span>
     <span class='ocr_line' id='line_1_27' title="bbox 534 3521 1285 3602; baseline 0.005 -22"><span class='ocrx_word' id='word_1_185' title='bbox 534 3522 602 3598; x_wconf 84' lang='lat' dir='ltr'>Ego</span> <span class='ocrx_word' id='word_1_186' title='bbox 616 3521 667 3582; x_wconf 81' lang='lat' dir='ltr'>ibo</span> <span class='ocrx_word' id='word_1_187' title='bbox 682 3523 722 3583; x_wconf 90' lang='lat' dir='ltr'>ad</span> <span class='ocrx_word' id='word_1_188' title='bbox 736 3522 867 3582; x_wconf 77' lang='lat' dir='ltr'>fratrem</span> <span class='ocrx_word' id='word_1_189' title='bbox 881 3524 922 3583; x_wconf 88' lang='lat' dir='ltr'>ad</span> <span class='ocrx_word' id='word_1_190' title='bbox 935 3524 1013 3584; x_wconf 80' lang='lat' dir='ltr'>elios</span> <span class='ocrx_word' id='word_1_191' title='bbox 1027 3524 1168 3602; x_wconf 82' lang='lat' dir='ltr'>captiues</span> <span class='ocrx_word' id='word_1_192' title='bbox 1183 3542 1285 3585; x_wconf 79' lang='lat' dir='ltr'>meos:</span> 
     </span>
     <span class='ocr_line' id='line_1_28' title="bbox 534 3624 1271 3706; baseline 0.004 -21"><span class='ocrx_word' id='word_1_193' title='bbox 534 3624 644 3686; x_wconf 81' lang='lat' dir='ltr'>Visem</span> <span class='ocrx_word' id='word_1_194' title='bbox 659 3644 698 3686; x_wconf 90' lang='lat' dir='ltr'>ne</span> <span class='ocrx_word' id='word_1_195' title='bbox 712 3630 803 3685; x_wconf 80' lang='lat' dir='ltr'>nocie</span> <span class='ocrx_word' id='word_1_196' title='bbox 817 3627 876 3687; x_wconf 83' lang='lat' dir='ltr'>hac</span> <span class='ocrx_word' id='word_1_197' title='bbox 891 3627 1051 3706; x_wconf 73' lang='lat' dir='ltr'>quippiam</span> <span class='ocrx_word' id='word_1_198' title='bbox 1067 3628 1271 3689; x_wconf 79' lang='lat' dir='ltr'>turbeuerint.</span> 
     </span>
    </p>
   </div>
   <div class='ocr_carea' id='block_1_6' title="bbox 535 3729 1469 3895">
    <p class='ocr_par' dir='ltr' id='par_1_6' title="bbox 535 3729 1469 3895">
     <span class='ocr_line' id='line_1_29' title="bbox 535 3729 1469 3813; baseline 0.011 -24"><span class='ocrx_word' id='word_1_199' title='bbox 535 3729 615 3791; x_wconf 88' lang='lat' dir='ltr'>Inde</span> <span class='ocrx_word' id='word_1_200' title='bbox 644 3731 693 3790; x_wconf 89' lang='lat' dir='ltr'>me</span> <span class='ocrx_word' id='word_1_201' title='bbox 722 3729 870 3791; x_wconf 77' lang='lat' dir='ltr'>continuo</span> <span class='ocrx_word' id='word_1_202' title='bbox 900 3731 1007 3811; x_wconf 65' lang='lat' dir='ltr'>[eecce</span> <span class='ocrx_word' id='word_1_203' title='bbox 1033 3741 1061 3791; x_wconf 81' lang='lat' dir='ltr'>to</span> <span class='ocrx_word' id='word_1_204' title='bbox 1086 3730 1141 3805; x_wconf 71' lang='lat'>9⁰]</span> <span class='ocrx_word' id='word_1_205' title='bbox 1170 3733 1317 3813; x_wconf 82' lang='lat' dir='ltr'>recipiam</span> <span class='ocrx_word' id='word_1_206' title='bbox 1344 3735 1469 3799; x_wconf 73' lang='lat' dir='ltr'>rumim</span> 
     </span>
     <span class='ocr_line' id='line_1_30' title="bbox 615 3834 749 3895; baseline -0.007 -1"><span class='ocrx_word' id='word_1_207' title='bbox 615 3834 749 3895; x_wconf 86' lang='lat' dir='ltr'>domum.</span> 
     </span>
    </p>
   </div>
   <div class='ocr_carea' id='block_1_7' title="bbox 0 0 1805 4784">
    <p class='ocr_par' dir='ltr' id='par_1_7' title="bbox 0 0 1805 4784">
     <span class='ocr_line' id='line_1_31' title="bbox 0 0 1805 4784; baseline 0 0"><span class='ocrx_word' id='word_1_208' title='bbox 0 0 1805 4784; x_wconf 95' lang='lat' dir='ltr'> </span> 
     </span>
    </p>
   </div>
  </div>
 </body>
</html>
