3542 4784
325 435 344 495 4
781 442 919 492 rmum
1220 446 1297 515 [rra

366 615 399 674 si
415 616 476 675 uun
491 614 543 674 ubi
559 614 667 674 sedeas
682 613 768 674 licus
783 619 840 687 cst,
855 618 905 672 est
919 613 976 673 ubi
991 616 1153 694 ambules,

364 721 495 790 Quando
508 719 692 781 histrionem
707 719 793 795 erigis
808 718 1025 780 mendicarier.

367 828 432 898 Ego
446 827 495 884 uu1
510 811 565 885 tua
579 843 681 897 causa,
697 842 736 883 ue
750 825 843 899 irres,
858 842 922 883 non
935 824 1096 903 rupturus
1111 848 1193 890 sum

326 950 349 988 u
366 932 428 990 i'us
443 930 498 1008 qui
513 930 644 1008 potestis
659 931 717 1007 cpe
732 936 839 990 ucstra
852 928 1010 990 censerier

367 1035 508 1113 :ic-cipite
524 1035 687 1095 relicuom:
710 1034 813 1094 alieno
825 1034 874 1094 uti
889 1033 934 1093 nil
948 1053 1064 1096 moror.

369 1140 529 1216 Fugitiuos
551 1140 615 1214 ille,
630 1146 666 1199 ut
684 1138 824 1200 dixeram
841 1145 923 1214 ante,
938 1138 1035 1201 huics
1061 1140 1229 1224 [pointinq
1246 1156 1274 1205 to
1289 1146 1342 1205 Pii

443 1246 554 1326 curtes]
571 1245 662 1323 patri,

368 1353 465 1409 hume
480 1352 572 1428 quem
587 1349 771 1429 profugiens
786 1349 947 1409 deminum
961 1350 1154 1430 abstulerat,
1170 1356 1319 1416 uendidit.

368 1459 398 1518 ls
413 1458 577 1534 pistquar11
593 1456 676 1514 huuc
689 1454 703 1534 [
710 1458 848 1533 pointiuq
863 1464 892 1515 to
907 1457 1087 1538 iisrrdcrus]
1104 1460 1197 1536 emit,
1214 1461 1300 1521 dedit
1312 1478 1362 1519 euu

445 1562 518 1621 huic
533 1562 628 1638 guatc
642 1580 698 1621 suo
714 1559 873 1639 [pcr'utiuq
886 1569 916 1620 to
929 1562 1135 1644 Philocrates]
1194 1579 1196 1583 ⁴

324 1692 349 1726 u·
369 1668 569 1740 i’ccr'rliarem,
584 1666 659 1743 quia
672 1666 763 1743 quasi
778 1684 841 1725 uua
854 1666 942 1726 aetas
955 1671 1029 1726 erat.
1346 1679 1367 1725 a

366 1775 428 1832 llic
443 1773 601 1852 [pointiuy
612 1781 640 1831 to
654 1771 830 1851 Tyndarus]
842 1769 924 1830 minc
939 1771 1023 1831 dorni
1038 1772 1141 1834 seruit
1156 1777 1217 1836 suc
1231 1776 1312 1856 patri
1323 1790 1366 1833 nec

446 1878 504 1938 scit
519 1884 623 1955 pater:

366 1987 459 2043 Eulm
474 1985 547 2043 uero
561 1983 593 2041 ui
608 2001 664 2042 uos
680 1982 769 2058 quasi
784 1980 865 2059 pilas
879 1980 1021 2042 homiues
1036 1982 1165 2044 habent.

366 2091 532 2149 Ruti6uem
547 2088 670 2148 habetis
686 2087 839 2164 quemodo
853 2106 950 2147 unum
965 2086 1114 2148 amiserit.

365 2195 537 2273 remquam
551 2193 738 2270 belligerant
752 2192 859 2251 ucou
873 2210 943 2253 eum
962 2190 967 2275 ι
985 2174 1089 2268 Auis,

325 2320 350 2357 cs
365 2302 409 2360 Vt
423 2287 466 2360 iit
480 2301 512 2358 iu
527 2299 618 2374 belle,
634 2298 758 2375 capitur
773 2297 853 2357 alter
866 2296 965 2358 filius.

367 2404 509 2465 Medicus
524 2403 712 2464 Menarchus
727 2403 804 2462 emit
817 2402 935 2463 ibidem
949 2403 984 2462 in
998 2385 1105 2464 Alide.

366 2510 476 2588 Coepit
491 2511 631 2588 captiuos
645 2508 844 2568 cemmercari
858 2508 910 2567 hic
925 2491 1034 2584 Aleos,

366 2617 399 2675 Si
414 2616 506 2692 quem
521 2615 656 2693 reperire
672 2615 786 2691 ruisset,
802 2613 856 2692 qui
871 2614 973 2673 mutet
986 2632 1074 2673 suom

366 2720 476 2800 (illim
491 2722 664 2799 captiuorn:
687 2718 769 2778 hunc
784 2718 872 2779 suom
889 2726 956 2779 esse
971 2718 1071 2779 nescit
1085 2718 1141 2797 qui
1154 2720 1307 2805 domist);

324 2847 349 2885 cu
364 2828 407 2886 Et
422 2827 568 2904 queniam
582 2827 650 2887 heri
666 2823 845 2885 indaudiuit
858 2825 898 2884 de
913 2825 1033 2885 summe
1047 2825 1115 2885 loco
1351 2839 1377 2885 au

366 2934 554 3009 Sumru6que
570 2950 681 3008 genere
695 2932 821 3008 captum
836 2949 904 2991 esse
919 2930 1056 3009 equitem
1075 2929 1080 3014 Ι
1098 2913 1228 3009 Aleum,

364 3038 420 3097 Nil
436 3037 537 3115 pretio
551 3037 652 3116 parsit
666 3037 736 3096 filio
751 3037 826 3096 dum
840 3037 989 3115 parceret.

365 3141 580 3203 Reccnciliare
594 3149 631 3202 ut
645 3142 771 3202 facilius
786 3143 893 3220 posset
908 3143 1033 3202 domum

365 3248 452 3308 Emit
466 3248 558 3308 hosce
573 3267 589 3308 e
604 3248 720 3327 praeda
733 3248 840 3309 ambos
855 3249 894 3308 de
909 3246 1134 3327 quaesteribus.

324 3372 350 3413 au
364 3351 462 3414 Hisce
478 3352 582 3414 cirtem
596 3354 679 3413 inter
694 3371 761 3414 sese
776 3352 858 3413 hrinc
873 3351 1091 3414 confinxerint
1105 3352 1222 3429 dolum,
1350 3366 1378 3413 aa

364 3460 432 3529 Quo
443 3458 534 3535 picto
545 3458 596 3517 hic
611 3477 717 3519 seruos
729 3457 816 3518 sriom
832 3478 918 3519 erum
930 3460 1003 3519 hinc
1018 3458 1144 3519 amittat
1154 3457 1296 3519 domum:

365 3562 478 3640 Itaque
493 3561 575 3621 inter
589 3580 622 3622 se
636 3560 830 3622 commutant
843 3570 965 3623 uestem
979 3570 1012 3624 et
1024 3563 1168 3623 nimina:

365 3665 437 3726 Illic
449 3665 607 3745 [pointinc
617 3674 647 3724 to
659 3665 830 3746 Tyndarus]
841 3674 971 3727 uocatur
982 3666 1186 3743 Philocrates,
1198 3667 1250 3729 hic
1261 3668 1379 3749 [point-

444 3775 495 3850 icc
510 3781 538 3830 to
552 3771 753 3851 Philocrates]
770 3769 945 3850 Tyndarus.

365 3877 471 3939 Huius
485 3876 560 3950 sslic,
575 3873 628 3933 hic
642 3873 729 3935 illius
744 3874 836 3934 h6die
851 3874 917 3935 fert
930 3870 1107 3948 imaginem.
