3542 4784
809 541 947 592 rnuvrr
1213 542 1276 609 [nr.
1288 544 1308 595 1.
1319 542 1383 593 ress
1439 525 1441 564 ³

481 714 580 783 Quam
606 710 638 771 in
663 710 748 772 tribu
773 710 778 793 Ι
802 712 912 790 aperto
936 710 1039 789 capite
1064 712 1172 773 sontes
1199 713 1385 773 condemnant

563 836 639 876 reos.

482 923 594 999 Neque
623 919 772 980 ridiculos
799 919 862 981 iam
882 920 1022 981 terrunci
1042 920 1185 982 faciunt:
1212 942 1280 985 sese
1300 922 1387 983 omne's

562 1032 676 1086 amant.

482 1132 565 1192 Nam
582 1130 618 1191 uit
639 1131 757 1191 dudum
773 1130 848 1191 hino
862 1129 935 1206 abii,
950 1130 1066 1192 accessi
1081 1131 1123 1191 ad
1141 1132 1391 1195 adulescentesin

562 1238 638 1296 foro.

484 1341 641 1402 ‘saincte'
671 1340 808 1418 inquam.
865 1345 944 1418 ‘quo
971 1340 1053 1403 imus
1081 1343 1163 1403 una'
1193 1343 1324 1423 inquam
1349 1342 1395 1404 ‘ad

563 1446 768 1524 prandium?'
783 1452 878 1523 atque
893 1444 943 1506 illi
956 1452 1070 1506 tacent.

484 1551 576 1624 ‘Quis
592 1553 652 1612 ait:
674 1553 757 1612 hoc?
774 1556 830 1612 aut
844 1550 915 1629 quis
930 1550 1138 1630 profitetur?'
1154 1551 1303 1633 inquam:
1320 1553 1398 1633 quasi

563 1657 643 1717 muti
658 1657 763 1732 silent,
1363 1672 1400 1719 480

485 1765 597 1841 Neque
611 1781 661 1822 me
675 1763 788 1822 rident.
832 1759 905 1822 ‘irbi
919 1762 1108 1824 cenamus?’
1124 1763 1271 1842 inquam:
1292 1765 1296 1848 Ι
1316 1771 1401 1845 atque

563 1867 612 1926 iiii
627 1868 774 1928 abnuont.

484 1974 562 2033 Dico
576 1992 673 2032 unum
688 1972 854 2032 ridiculum
870 1972 989 2033 dietum
1003 1972 1042 2033 dc
1056 1972 1151 2034 dictis
1164 1975 1357 2051 melioribus,

485 2078 603 2150 Qurbus
619 2077 756 2137 solebam
771 2077 972 2138 menstrualis
988 2077 1097 2156 epulas
1112 2084 1185 2140 ante
1200 2081 1383 2160 adipiscier:

484 2185 586 2244 Ne‘mo
601 2182 690 2241 ridet.
734 2181 812 2241 sciui
826 2182 985 2261 extemplo
1000 2184 1065 2243 rem
1080 2184 1119 2244 de
1133 2189 1295 2263 compecto
1310 2187 1382 2265 geri.

484 2290 534 2350 Ne
556 2307 665 2348 canem
687 2287 815 2365 quidem
838 2287 996 2350 irritatam
1023 2288 1125 2349 uoluit
1153 2290 1321 2370 quisquam
1342 2291 1406 2352 imi·

564 2393 669 2466 tarier,
1364 2410 1406 2456 486

486 2500 613 2573 saltem,
627 2498 654 2559 si
664 2517 727 2557 non
742 2496 926 2574 arriderent,
938 2497 1048 2559 dentes
1058 2504 1095 2558 ut
1105 2499 1341 2577 restringerent.

486 2588 579 2664 ibeo
593 2604 632 2663 ab
646 2602 720 2677 nus,
736 2603 903 2680 postquam
918 2603 1010 2663 uideo
1024 2604 1074 2663 me
1088 2603 1133 2664 su
1147 2603 1357 2668 ludificarier:

485 2711 586 2786 Pergo
600 2709 640 2769 ad
654 2708 741 2783 aiios,
756 2708 849 2768 uenio
863 2708 905 2768 ad
920 2707 1008 2782 alios,
1023 2706 1136 2769 deinde
1150 2710 1191 2770 ad
1209 2710 1290 2773 alios
1300 2710 1407 2772 —uina

565 2834 624 2875 res.

487 2905 603 2982 Omnes
639 2920 798 2997 compecto
834 2937 900 2979 rem
931 2924 1038 2997 ,agunt
1074 2919 1163 2997 quasi
1181 2918 1186 3002 Ι
1204 2920 1239 2980 in
1273 2921 1407 2983 Velabro

566 3025 683 3085 olearii.

486 3131 578 3193 Nunc
602 3131 694 3191 redeo
715 3130 798 3206 inde,
820 3129 969 3209 quoniam
989 3148 1039 3190 me
1061 3128 1065 3211 Ι
1086 3128 1132 3189 ibi
1152 3130 1246 3191 uideo
1270 3131 1408 3194 ludificat

567 3256 637 3297 ruer.
1366 3251 1408 3297 490

486 3326 568 3404 item
582 3342 638 3402 alii
652 3341 783 3421 parasiti
798 3342 918 3402 frustra
931 3339 1174 3401 obambulabant
1188 3340 1221 3400 in
1235 3342 1314 3402 foro.

484 3446 579 3508 Nunc
593 3447 754 3508 barbarica
767 3448 834 3524 lege
849 3450 1001 3506 certumst
1020 3442 1069 3504 iuis
1084 3463 1187 3504 meum
1202 3464 1293 3507 omne
1309 3449 1408 3527 persc-

567 3552 622 3630 qui
632 3575 638 3611 :

487 3656 548 3728 Qui
568 3656 735 3716 concilium
752 3655 860 3730 iniere,
876 3675 937 3733 quo
954 3674 1011 3715 nos
1028 3653 1116 3715 uictu
1132 3661 1164 3716 et
1181 3656 1250 3717 uita
1268 3660 1408 3736 prohibe

567 3766 631 3835 ant,

487 3849 520 3927 fs
532 3866 616 3925 diem
626 3864 737 3939 dicam,
749 3863 892 3940 irrogabo
903 3864 1043 3943 multam,
1054 3872 1091 3927 ut
1105 3867 1184 3928 mihi
1198 3869 1290 3931 cenas
1302 3870 1407 3931 decem

487 3973 559 4031 Meo
570 3970 723 4030 arbitratu
734 3969 818 4044 dent,
832 3988 924 4046 quom
936 3988 1008 4031 cara
1019 3973 1142 4033 annona
1156 3974 1207 4034 sit.
1243 3974 1288 4035 sic
1300 3974 1407 4051 egero!
