<?xml version="1.0" encoding="UTF-8"?>
<!DOCTYPE html PUBLIC "-//W3C//DTD XHTML 1.0 Transitional//EN"
    "http://www.w3.org/TR/xhtml1/DTD/xhtml1-transitional.dtd">
<html xmlns="http://www.w3.org/1999/xhtml" xml:lang="en" lang="en">
 <head>
  <title>
</title>
<meta http-equiv="Content-Type" content="text/html;charset=utf-8" />
  <meta name='ocr-system' content='tesseract 3.04.00' />
  <meta name='ocr-capabilities' content='ocr_page ocr_carea ocr_par ocr_line ocrx_word'/>
</head>
<body>
  <div class='ocr_page' id='page_1' title='image "./tmacciplavticap00plaugoog_0106.png"; bbox 0 0 3542 4784; ppageno 0'>
   <div class='ocr_carea' id='block_1_1' title="bbox 353 568 1374 659">
    <p class='ocr_par' dir='ltr' id='par_1_1' title="bbox 353 568 1374 659">
     <span class='ocr_line' id='line_1_1' title="bbox 353 568 1374 659; baseline -0.007 -13"><span class='ocrx_word' id='word_1_1' title='bbox 353 581 396 646; x_wconf 79' lang='lat'>42</span> <span class='ocrx_word' id='word_1_2' title='bbox 811 591 949 641; x_wconf 72' lang='lat' dir='ltr'>mvii</span> <span class='ocrx_word' id='word_1_3' title='bbox 1197 568 1374 659; x_wconf 65' lang='lat' dir='ltr'>[muti-104</span> 
     </span>
    </p>
   </div>
   <div class='ocr_carea' id='block_1_2' title="bbox 367 761 1416 4106">
    <p class='ocr_par' dir='ltr' id='par_1_2' title="bbox 367 761 1402 2318">
     <span class='ocr_line' id='line_1_2' title="bbox 486 761 1378 843; baseline -0.006 -18"><span class='ocrx_word' id='word_1_4' title='bbox 486 763 565 825; x_wconf 82' lang='lat' dir='ltr'>Inde</span> <span class='ocrx_word' id='word_1_5' title='bbox 579 764 668 825; x_wconf 73' lang='lat' dir='ltr'>extra</span> <span class='ocrx_word' id='word_1_6' title='bbox 681 771 803 843; x_wconf 73' lang='lat' dir='ltr'>portum</span> <span class='ocrx_word' id='word_1_7' title='bbox 817 763 857 823; x_wconf 80' lang='lat' dir='ltr'>ad</span> <span class='ocrx_word' id='word_1_8' title='bbox 871 761 975 823; x_wconf 82' lang='lat' dir='ltr'>meiun</span> <span class='ocrx_word' id='word_1_9' title='bbox 990 764 1141 825; x_wconf 87' lang='lat' dir='ltr'>libertum</span> <span class='ocrx_word' id='word_1_10' title='bbox 1156 765 1314 828; x_wconf 73' lang='lat' dir='ltr'>Ocrdalum</span> <span class='ocrx_word' id='word_1_11' title='bbox 1347 774 1378 822; x_wconf 72' lang='lat' dir='ltr'>tat</span> 
     </span>
     <span class='ocr_line' id='line_1_3' title="bbox 485 868 1088 948; baseline -0.002 -17"><span class='ocrx_word' id='word_1_12' title='bbox 485 871 524 931; x_wconf 89' lang='lat' dir='ltr'>In</span> <span class='ocrx_word' id='word_1_13' title='bbox 538 870 725 948; x_wconf 66' lang='lat' dir='ltr'>lipicidinas</span> <span class='ocrx_word' id='word_1_14' title='bbox 740 870 835 929; x_wconf 70' lang='lat' dir='ltr'>ficite</span> <span class='ocrx_word' id='word_1_15' title='bbox 850 868 1003 930; x_wconf 76' lang='lat' dir='ltr'>deductus</span> <span class='ocrx_word' id='word_1_16' title='bbox 1018 870 1088 930; x_wconf 84' lang='lat' dir='ltr'>siet.</span> 
     </span>
     <span class='ocr_line' id='line_1_4' title="bbox 486 973 1181 1055; baseline 0.001 -19"><span class='ocrx_word' id='word_1_17' title='bbox 486 977 590 1055; x_wconf 79' lang='lat' dir='ltr'>Atque</span> <span class='ocrx_word' id='word_1_18' title='bbox 605 974 687 1036; x_wconf 75' lang='lat' dir='ltr'>hunc</span> <span class='ocrx_word' id='word_1_19' title='bbox 702 993 752 1035; x_wconf 89' lang='lat' dir='ltr'>me</span> <span class='ocrx_word' id='word_1_20' title='bbox 766 975 848 1034; x_wconf 93' lang='lat' dir='ltr'>uelle</span> <span class='ocrx_word' id='word_1_21' title='bbox 862 973 958 1035; x_wconf 78' lang='lat' dir='ltr'>dicite</span> <span class='ocrx_word' id='word_1_22' title='bbox 971 975 1019 1035; x_wconf 85' lang='lat' dir='ltr'>ita</span> <span class='ocrx_word' id='word_1_23' title='bbox 1032 977 1181 1052; x_wconf 60' lang='lat' dir='ltr'>curirier,</span> 
     </span>
     <span class='ocr_line' id='line_1_5' title="bbox 367 1079 1285 1161; baseline 0.001 -19"><span class='ocrx_word' id='word_1_24' title='bbox 367 1103 392 1141; x_wconf 75' lang='lat' dir='ltr'>sc</span> <span class='ocrx_word' id='word_1_25' title='bbox 485 1081 591 1161; x_wconf 82' lang='lat' dir='ltr'>Nequi</span> <span class='ocrx_word' id='word_1_26' title='bbox 604 1081 743 1142; x_wconf 78' lang='lat' dir='ltr'>deterius</span> <span class='ocrx_word' id='word_1_27' title='bbox 757 1079 830 1140; x_wconf 80' lang='lat' dir='ltr'>huic</span> <span class='ocrx_word' id='word_1_28' title='bbox 845 1080 887 1141; x_wconf 81' lang='lat' dir='ltr'>eit</span> <span class='ocrx_word' id='word_1_29' title='bbox 900 1099 994 1159; x_wconf 82' lang='lat' dir='ltr'>quam</span> <span class='ocrx_word' id='word_1_30' title='bbox 1009 1082 1085 1159; x_wconf 88' lang='lat' dir='ltr'>quoi</span> <span class='ocrx_word' id='word_1_31' title='bbox 1104 1083 1285 1159; x_wconf 69' lang='lat' dir='ltr'>pessumest</span> 
     </span>
     <span class='ocr_line' id='line_1_6' title="bbox 410 1185 1262 1264; baseline 0 -16"><span class='ocrx_word' id='word_1_32' title='bbox 410 1190 461 1263; x_wconf 71' lang='lat' dir='ltr'>Py.</span> <span class='ocrx_word' id='word_1_33' title='bbox 487 1189 550 1249; x_wconf 85' lang='lat' dir='ltr'>Cur</span> <span class='ocrx_word' id='word_1_34' title='bbox 564 1188 620 1264; x_wconf 72' lang='lat' dir='ltr'>ego</span> <span class='ocrx_word' id='word_1_35' title='bbox 634 1195 666 1248; x_wconf 86' lang='lat' dir='ltr'>tc</span> <span class='ocrx_word' id='word_1_36' title='bbox 680 1186 781 1246; x_wconf 91' lang='lat' dir='ltr'>inuito</span> <span class='ocrx_word' id='word_1_37' title='bbox 795 1204 844 1245; x_wconf 89' lang='lat' dir='ltr'>me</span> <span class='ocrx_word' id='word_1_38' title='bbox 859 1186 927 1246; x_wconf 83' lang='lat' dir='ltr'>e&#39;ssc</span> <span class='ocrx_word' id='word_1_39' title='bbox 942 1185 1062 1246; x_wconf 81' lang='lat' dir='ltr'>saluom</span> <span class='ocrx_word' id='word_1_40' title='bbox 1076 1187 1262 1264; x_wconf 84' lang='lat' dir='ltr'>p6stulem?</span> 
     </span>
     <span class='ocr_line' id='line_1_7' title="bbox 486 1290 1391 1369; baseline -0.003 -17"><span class='ocrx_word' id='word_1_41' title='bbox 486 1292 641 1352; x_wconf 85' lang='lat' dir='ltr'>Periclum</span> <span class='ocrx_word' id='word_1_42' title='bbox 657 1292 741 1353; x_wconf 84' lang='lat' dir='ltr'>uitae</span> <span class='ocrx_word' id='word_1_43' title='bbox 757 1292 844 1351; x_wconf 73' lang='lat' dir='ltr'>meae</span> <span class='ocrx_word' id='word_1_44' title='bbox 859 1297 913 1350; x_wconf 85' lang='lat' dir='ltr'>tuo</span> <span class='ocrx_word' id='word_1_45' title='bbox 928 1295 992 1352; x_wconf 82' lang='lat' dir='ltr'>stat</span> <span class='ocrx_word' id='word_1_46' title='bbox 1005 1290 1156 1369; x_wconf 85' lang='lat' dir='ltr'>periculo.</span> <span class='ocrx_word' id='word_1_47' title='bbox 1356 1302 1391 1350; x_wconf 66' lang='grc' dir='ltr'>τω</span> 
     </span>
     <span class='ocr_line' id='line_1_8' title="bbox 486 1395 1340 1474; baseline -0.002 -17"><span class='ocrx_word' id='word_1_48' title='bbox 486 1400 564 1457; x_wconf 82' lang='lat' dir='ltr'>Post</span> <span class='ocrx_word' id='word_1_49' title='bbox 577 1399 708 1457; x_wconf 83' lang='lat' dir='ltr'>m6rtem</span> <span class='ocrx_word' id='word_1_50' title='bbox 722 1397 755 1456; x_wconf 89' lang='lat' dir='ltr'>in</span> <span class='ocrx_word' id='word_1_51' title='bbox 770 1402 870 1457; x_wconf 87' lang='lat' dir='ltr'>morte</span> <span class='ocrx_word' id='word_1_52' title='bbox 884 1395 931 1455; x_wconf 85' lang='lat' dir='ltr'>nil</span> <span class='ocrx_word' id='word_1_53' title='bbox 945 1396 1092 1474; x_wconf 85' lang='lat' dir='ltr'>estquod</span> <span class='ocrx_word' id='word_1_54' title='bbox 1106 1398 1248 1457; x_wconf 63' lang='lat' dir='ltr'>metuem</span> <span class='ocrx_word' id='word_1_55' title='bbox 1262 1396 1340 1457; x_wconf 87' lang='lat' dir='ltr'>mali.</span> 
     </span>
     <span class='ocr_line' id='line_1_9' title="bbox 487 1502 1330 1581; baseline -0.001 -19"><span class='ocrx_word' id='word_1_56' title='bbox 487 1503 529 1563; x_wconf 88' lang='lat' dir='ltr'>Et</span> <span class='ocrx_word' id='word_1_57' title='bbox 543 1502 571 1562; x_wconf 77' lang='lat' dir='ltr'>st</span> <span class='ocrx_word' id='word_1_58' title='bbox 585 1503 714 1580; x_wconf 86' lang='lat' dir='ltr'>peruiuc</span> <span class='ocrx_word' id='word_1_59' title='bbox 725 1521 827 1581; x_wconf 86' lang='lat' dir='ltr'>usque</span> <span class='ocrx_word' id='word_1_60' title='bbox 841 1502 882 1562; x_wconf 71' lang='lat' dir='ltr'>td</span> <span class='ocrx_word' id='word_1_61' title='bbox 897 1520 1049 1563; x_wconf 86' lang='lat' dir='ltr'>summam</span> <span class='ocrx_word' id='word_1_62' title='bbox 1064 1503 1211 1579; x_wconf 77' lang='lat' dir='ltr'>aetatem,</span> <span class='ocrx_word' id='word_1_63' title='bbox 1227 1509 1330 1563; x_wconf 81' lang='lat' dir='ltr'>tamen</span> 
     </span>
     <span class='ocr_line' id='line_1_10' title="bbox 436 1606 1311 1687; baseline 0.001 -20"><span class='ocrx_word' id='word_1_64' title='bbox 436 1660 457 1677; x_wconf 79' lang='lat'><em>„</em></span> <span class='ocrx_word' id='word_1_65' title='bbox 487 1609 587 1667; x_wconf 85' lang='lat' dir='ltr'>Breue</span> <span class='ocrx_word' id='word_1_66' title='bbox 602 1608 771 1686; x_wconf 67' lang='lat' dir='ltr'>spetimnst</span> <span class='ocrx_word' id='word_1_67' title='bbox 785 1606 969 1687; x_wconf 75' lang='lat' dir='ltr'>perferundi</span> <span class='ocrx_word' id='word_1_68' title='bbox 984 1625 1064 1685; x_wconf 82' lang='lat' dir='ltr'>quae</span> <span class='ocrx_word' id='word_1_69' title='bbox 1078 1608 1210 1669; x_wconf 71' lang='lat' dir='ltr'>minitis</span> <span class='ocrx_word' id='word_1_70' title='bbox 1225 1609 1311 1668; x_wconf 88' lang='lat' dir='ltr'>mihi.</span> 
     </span>
     <span class='ocr_line' id='line_1_11' title="bbox 487 1712 1260 1791; baseline -0.001 -18"><span class='ocrx_word' id='word_1_71' title='bbox 487 1714 564 1774; x_wconf 82' lang='lat' dir='ltr'>Vale</span> <span class='ocrx_word' id='word_1_72' title='bbox 578 1714 672 1791; x_wconf 62' lang='lat' dir='ltr'>etque</span> <span class='ocrx_word' id='word_1_73' title='bbox 686 1713 782 1790; x_wconf 75' lang='lat' dir='ltr'>salue,</span> <span class='ocrx_word' id='word_1_74' title='bbox 798 1713 857 1774; x_wconf 87' lang='lat' dir='ltr'>etsi</span> <span class='ocrx_word' id='word_1_75' title='bbox 872 1714 965 1773; x_wconf 59' lang='lat' dir='ltr'>iliter</span> <span class='ocrx_word' id='word_1_76' title='bbox 979 1719 1015 1772; x_wconf 85' lang='lat' dir='ltr'>ut</span> <span class='ocrx_word' id='word_1_77' title='bbox 1028 1712 1133 1772; x_wconf 63' lang='lat' dir='ltr'>dicem</span> <span class='ocrx_word' id='word_1_78' title='bbox 1149 1731 1260 1775; x_wconf 87' lang='lat' dir='ltr'>meres.</span> 
     </span>
     <span class='ocr_line' id='line_1_12' title="bbox 486 1818 1402 1897; baseline 0 -20"><span class='ocrx_word' id='word_1_79' title='bbox 486 1821 543 1893; x_wconf 83' lang='lat' dir='ltr'>Tu,</span> <span class='ocrx_word' id='word_1_80' title='bbox 560 1818 811 1897; x_wconf 79' lang='lat' dir='ltr'>Aristophontes,</span> <span class='ocrx_word' id='word_1_81' title='bbox 826 1819 866 1879; x_wconf 69' lang='lat' dir='ltr'>de</span> <span class='ocrx_word' id='word_1_82' title='bbox 879 1838 929 1878; x_wconf 89' lang='lat' dir='ltr'>me</span> <span class='ocrx_word' id='word_1_83' title='bbox 944 1823 980 1878; x_wconf 87' lang='lat' dir='ltr'>ut</span> <span class='ocrx_word' id='word_1_84' title='bbox 994 1818 1148 1893; x_wconf 86' lang='lat' dir='ltr'>meruisti,</span> <span class='ocrx_word' id='word_1_85' title='bbox 1164 1818 1210 1879; x_wconf 83' lang='lat' dir='ltr'>ita</span> <span class='ocrx_word' id='word_1_86' title='bbox 1224 1820 1312 1880; x_wconf 83' lang='lat' dir='ltr'>uale:</span> <span class='ocrx_word' id='word_1_87' title='bbox 1365 1832 1402 1878; x_wconf 70' lang='lat' dir='ltr'>itt</span> 
     </span>
     <span class='ocr_line' id='line_1_13' title="bbox 486 1924 1059 2002; baseline 0 -19"><span class='ocrx_word' id='word_1_88' title='bbox 486 1924 570 1984; x_wconf 86' lang='lat' dir='ltr'>Nam</span> <span class='ocrx_word' id='word_1_89' title='bbox 584 1924 663 1983; x_wconf 83' lang='lat' dir='ltr'>mihi</span> <span class='ocrx_word' id='word_1_90' title='bbox 678 1930 849 2002; x_wconf 83' lang='lat' dir='ltr'>propterte</span> <span class='ocrx_word' id='word_1_91' title='bbox 863 1924 923 1985; x_wconf 89' lang='lat' dir='ltr'>hoc</span> <span class='ocrx_word' id='word_1_92' title='bbox 936 1924 1059 2002; x_wconf 77' lang='lat' dir='ltr'>cpcigic.</span> 
     </span>
     <span class='ocr_line' id='line_1_14' title="bbox 407 2028 1262 2090; baseline 0.001 -1"><span class='ocrx_word' id='word_1_93' title='bbox 407 2031 464 2089; x_wconf 87' lang='lat' dir='ltr'>He.</span> <span class='ocrx_word' id='word_1_94' title='bbox 1094 2028 1262 2090; x_wconf 78' lang='lat' dir='ltr'>Abducite.</span> 
     </span>
     <span class='ocr_line' id='line_1_15' title="bbox 411 2134 1324 2213; baseline 0.005 -20"><span class='ocrx_word' id='word_1_95' title='bbox 411 2137 462 2210; x_wconf 63' lang='lat' dir='ltr'>Dc.</span> <span class='ocrx_word' id='word_1_96' title='bbox 489 2135 533 2194; x_wconf 83' lang='lat' dir='ltr'>At</span> <span class='ocrx_word' id='word_1_97' title='bbox 546 2134 643 2194; x_wconf 77' lang='lat' dir='ltr'>unum</span> <span class='ocrx_word' id='word_1_98' title='bbox 658 2134 716 2194; x_wconf 92' lang='lat' dir='ltr'>hoc</span> <span class='ocrx_word' id='word_1_99' title='bbox 731 2154 855 2213; x_wconf 84' lang='lat' dir='ltr'>quaeso,</span> <span class='ocrx_word' id='word_1_100' title='bbox 871 2135 899 2197; x_wconf 82' lang='lat' dir='ltr'>si</span> <span class='ocrx_word' id='word_1_101' title='bbox 913 2134 973 2195; x_wconf 76' lang='lat' dir='ltr'>huc</span> <span class='ocrx_word' id='word_1_102' title='bbox 988 2134 1101 2195; x_wconf 75' lang='lat' dir='ltr'>lebitet</span> <span class='ocrx_word' id='word_1_103' title='bbox 1114 2134 1324 2213; x_wconf 76' lang='lat' dir='ltr'>Philocrates,</span> 
     </span>
     <span class='ocr_line' id='line_1_16' title="bbox 369 2240 1152 2318; baseline 0.003 -20"><span class='ocrx_word' id='word_1_104' title='bbox 369 2258 394 2298; x_wconf 79' lang='lat' dir='ltr'>cc</span> <span class='ocrx_word' id='word_1_105' title='bbox 487 2241 530 2301; x_wconf 89' lang='lat' dir='ltr'>Vt</span> <span class='ocrx_word' id='word_1_106' title='bbox 544 2240 588 2299; x_wconf 90' lang='lat' dir='ltr'>mi</span> <span class='ocrx_word' id='word_1_107' title='bbox 603 2240 670 2300; x_wconf 76' lang='lat' dir='ltr'>eius</span> <span class='ocrx_word' id='word_1_108' title='bbox 684 2240 782 2301; x_wconf 81' lang='lat' dir='ltr'>facias</span> <span class='ocrx_word' id='word_1_109' title='bbox 797 2240 1008 2300; x_wconf 75' lang='lat' dir='ltr'>ecnueniundi</span> <span class='ocrx_word' id='word_1_110' title='bbox 1022 2240 1152 2318; x_wconf 76' lang='lat' dir='ltr'>cdpiam.</span> 
     </span>
    </p>

    <p class='ocr_par' dir='ltr' id='par_1_3' title="bbox 407 2344 1406 2637">
     <span class='ocr_line' id='line_1_17' title="bbox 407 2344 1406 2427; baseline 0.002 -22"><span class='ocrx_word' id='word_1_111' title='bbox 407 2347 464 2405; x_wconf 86' lang='lat' dir='ltr'>He.</span> <span class='ocrx_word' id='word_1_112' title='bbox 487 2344 629 2421; x_wconf 86' lang='lat' dir='ltr'>Peristis,</span> <span class='ocrx_word' id='word_1_113' title='bbox 644 2346 707 2406; x_wconf 89' lang='lat' dir='ltr'>nisi</span> <span class='ocrx_word' id='word_1_114' title='bbox 722 2346 805 2406; x_wconf 90' lang='lat' dir='ltr'>hunc</span> <span class='ocrx_word' id='word_1_115' title='bbox 822 2346 885 2406; x_wconf 85' lang='lat' dir='ltr'>iam</span> <span class='ocrx_word' id='word_1_116' title='bbox 900 2347 916 2405; x_wconf 77' lang='grc' dir='ltr'><em>ό</em></span> <span class='ocrx_word' id='word_1_117' title='bbox 930 2351 1098 2424; x_wconf 84' lang='lat' dir='ltr'>conspectu</span> <span class='ocrx_word' id='word_1_118' title='bbox 1118 2345 1286 2407; x_wconf 75' lang='lat' dir='ltr'>abducitis,</span> <span class='ocrx_word' id='word_1_119' title='bbox 1331 2347 1406 2427; x_wconf 79' lang='lat' dir='ltr'>[The</span> 
     </span>
     <span class='ocr_line' id='line_1_18' title="bbox 567 2454 1405 2530; baseline 0.001 -20"><span class='ocrx_word' id='word_1_120' title='bbox 567 2454 675 2511; x_wconf 80' lang='lat' dir='ltr'>lcrcric&#39;</span> <span class='ocrx_word' id='word_1_121' title='bbox 690 2454 770 2528; x_wconf 78' lang='lat' dir='ltr'>puch</span> <span class='ocrx_word' id='word_1_122' title='bbox 784 2454 847 2511; x_wconf 74' lang='lat' dir='ltr'>and</span> <span class='ocrx_word' id='word_1_123' title='bbox 863 2454 940 2530; x_wconf 65' lang='grc' dir='ltr'>(ἶνας</span> <span class='ocrx_word' id='word_1_124' title='bbox 954 2454 1017 2511; x_wconf 80' lang='lat' dir='ltr'>him</span> <span class='ocrx_word' id='word_1_125' title='bbox 1036 2454 1150 2511; x_wconf 70' lang='lat' dir='ltr'>toward</span> <span class='ocrx_word' id='word_1_126' title='bbox 1168 2454 1217 2511; x_wconf 78' lang='lat' dir='ltr'>the</span> <span class='ocrx_word' id='word_1_127' title='bbox 1236 2455 1405 2530; x_wconf 65' lang='lat' dir='ltr'>richt-hacd</span> 
     </span>
     <span class='ocr_line' id='line_1_19' title="bbox 567 2559 653 2637; baseline 0 -22"><span class='ocrx_word' id='word_1_128' title='bbox 567 2559 653 2637; x_wconf 76' lang='lat' dir='ltr'>ecit]</span> 
     </span>
    </p>

    <p class='ocr_par' dir='ltr' id='par_1_4' title="bbox 412 2660 1409 2849">
     <span class='ocr_line' id='line_1_20' title="bbox 412 2660 1408 2742; baseline -0.001 -20"><span class='ocrx_word' id='word_1_129' title='bbox 412 2664 461 2739; x_wconf 60' lang='lat' dir='ltr'>Rc.</span> <span class='ocrx_word' id='word_1_130' title='bbox 492 2661 698 2742; x_wconf 68' lang='lat' dir='ltr'>[Sthqlinq]</span> <span class='ocrx_word' id='word_1_131' title='bbox 721 2662 778 2723; x_wconf 90' lang='lat' dir='ltr'>Vis</span> <span class='ocrx_word' id='word_1_132' title='bbox 800 2662 876 2722; x_wconf 66' lang='lat' dir='ltr'>haec</span> <span class='ocrx_word' id='word_1_133' title='bbox 898 2661 1025 2739; x_wconf 90' lang='lat' dir='ltr'>quidem</span> <span class='ocrx_word' id='word_1_134' title='bbox 1046 2660 1190 2736; x_wconf 85' lang='lat' dir='ltr'>herclest,</span> <span class='ocrx_word' id='word_1_135' title='bbox 1214 2662 1246 2721; x_wconf 73' lang='lat' dir='ltr'>et</span> <span class='ocrx_word' id='word_1_136' title='bbox 1266 2663 1354 2723; x_wconf 84' lang='lat' dir='ltr'>trahi</span> <span class='ocrx_word' id='word_1_137' title='bbox 1380 2667 1408 2721; x_wconf 89' lang='lat' dir='ltr'>et</span> 
     </span>
     <span class='ocr_line' id='line_1_21' title="bbox 566 2766 1409 2849; baseline 0 -24"><span class='ocrx_word' id='word_1_138' title='bbox 566 2766 653 2826; x_wconf 87' lang='lat' dir='ltr'>trudi</span> <span class='ocrx_word' id='word_1_139' title='bbox 667 2767 760 2827; x_wconf 90' lang='lat' dir='ltr'>simul</span> <span class='ocrx_word' id='word_1_140' title='bbox 779 2766 880 2849; x_wconf 76' lang='lat' dir='ltr'>[ecit].</span> <span class='ocrx_word' id='word_1_141' title='bbox 1369 2778 1409 2827; x_wconf 73' lang='lat'>750</span> 
     </span>
    </p>

    <p class='ocr_par' dir='ltr' id='par_1_5' title="bbox 408 2871 1383 2951">
     <span class='ocr_line' id='line_1_22' title="bbox 408 2871 1383 2951; baseline -0.001 -18"><span class='ocrx_word' id='word_1_142' title='bbox 408 2875 465 2933; x_wconf 88' lang='lat' dir='ltr'>He.</span> <span class='ocrx_word' id='word_1_143' title='bbox 489 2872 560 2931; x_wconf 84' lang='lat' dir='ltr'>Illic</span> <span class='ocrx_word' id='word_1_144' title='bbox 575 2873 623 2932; x_wconf 76' lang='lat' dir='ltr'>est</span> <span class='ocrx_word' id='word_1_145' title='bbox 638 2873 790 2933; x_wconf 83' lang='lat' dir='ltr'>abductus</span> <span class='ocrx_word' id='word_1_146' title='bbox 805 2872 891 2932; x_wconf 77' lang='lat' dir='ltr'>recta</span> <span class='ocrx_word' id='word_1_147' title='bbox 905 2872 938 2931; x_wconf 89' lang='lat' dir='ltr'>in</span> <span class='ocrx_word' id='word_1_148' title='bbox 953 2871 1129 2951; x_wconf 83' lang='lat' dir='ltr'>phylacam,</span> <span class='ocrx_word' id='word_1_149' title='bbox 1145 2877 1181 2931; x_wconf 92' lang='lat' dir='ltr'>ut</span> <span class='ocrx_word' id='word_1_150' title='bbox 1195 2871 1312 2948; x_wconf 87' lang='lat' dir='ltr'>dignus</span> <span class='ocrx_word' id='word_1_151' title='bbox 1328 2879 1383 2934; x_wconf 86' lang='lat' dir='ltr'>est.</span> 
     </span>
    </p>

    <p class='ocr_par' dir='ltr' id='par_1_6' title="bbox 487 2975 1209 3055">
     <span class='ocr_line' id='line_1_23' title="bbox 487 2975 1209 3055; baseline 0 -18"><span class='ocrx_word' id='word_1_152' title='bbox 487 2979 554 3054; x_wconf 83' lang='lat' dir='ltr'>Ego</span> <span class='ocrx_word' id='word_1_153' title='bbox 567 2976 633 3038; x_wconf 79' lang='lat' dir='ltr'>sslts</span> <span class='ocrx_word' id='word_1_154' title='bbox 649 2978 784 3055; x_wconf 85' lang='lat' dir='ltr'>captiuis</span> <span class='ocrx_word' id='word_1_155' title='bbox 798 2977 870 3037; x_wconf 73' lang='lat' dir='ltr'>citis</span> <span class='ocrx_word' id='word_1_156' title='bbox 885 2975 1104 3037; x_wconf 74' lang='lat' dir='ltr'>documentum</span> <span class='ocrx_word' id='word_1_157' title='bbox 1121 2977 1209 3051; x_wconf 82' lang='lat' dir='ltr'>dabo,</span> 
     </span>
    </p>

    <p class='ocr_par' dir='ltr' id='par_1_7' title="bbox 369 3081 1416 4106">
     <span class='ocr_line' id='line_1_24' title="bbox 369 3081 1224 3161; baseline 0 -19"><span class='ocrx_word' id='word_1_158' title='bbox 369 3102 395 3142; x_wconf 78' lang='lat' dir='ltr'>ct</span> <span class='ocrx_word' id='word_1_159' title='bbox 487 3084 537 3143; x_wconf 90' lang='lat' dir='ltr'>Ne</span> <span class='ocrx_word' id='word_1_160' title='bbox 552 3083 616 3143; x_wconf 71' lang='lat' dir='ltr'>teile</span> <span class='ocrx_word' id='word_1_161' title='bbox 631 3083 797 3161; x_wconf 86' lang='lat' dir='ltr'>quisquam</span> <span class='ocrx_word' id='word_1_162' title='bbox 812 3082 935 3143; x_wconf 61' lang='lat' dir='ltr'>sicinus</span> <span class='ocrx_word' id='word_1_163' title='bbox 950 3082 1089 3161; x_wconf 80' lang='lat' dir='ltr'>incipere</span> <span class='ocrx_word' id='word_1_164' title='bbox 1103 3081 1224 3142; x_wconf 72' lang='lat' dir='ltr'>audeat.</span> 
     </span>
     <span class='ocr_line' id='line_1_25' title="bbox 488 3186 1346 3265; baseline 0.001 -18"><span class='ocrx_word' id='word_1_165' title='bbox 488 3189 577 3260; x_wconf 80' lang='lat' dir='ltr'>Quod</span> <span class='ocrx_word' id='word_1_166' title='bbox 592 3189 708 3265; x_wconf 68' lang='lat' dir='ltr'>ebsque</span> <span class='ocrx_word' id='word_1_167' title='bbox 723 3188 781 3248; x_wconf 87' lang='lat' dir='ltr'>hoc</span> <span class='ocrx_word' id='word_1_168' title='bbox 796 3193 887 3264; x_wconf 83' lang='lat' dir='ltr'>esset,</span> <span class='ocrx_word' id='word_1_169' title='bbox 903 3187 959 3265; x_wconf 89' lang='lat' dir='ltr'>qui</span> <span class='ocrx_word' id='word_1_170' title='bbox 972 3187 1051 3246; x_wconf 86' lang='lat' dir='ltr'>mihi</span> <span class='ocrx_word' id='word_1_171' title='bbox 1065 3187 1124 3247; x_wconf 88' lang='lat' dir='ltr'>hcc</span> <span class='ocrx_word' id='word_1_172' title='bbox 1139 3186 1215 3247; x_wconf 85' lang='lat' dir='ltr'>fecit</span> <span class='ocrx_word' id='word_1_173' title='bbox 1229 3188 1346 3265; x_wconf 84' lang='lat' dir='ltr'><strong>palam,</strong></span> 
     </span>
     <span class='ocr_line' id='line_1_26' title="bbox 488 3292 1413 3372; baseline -0.005 -16"><span class='ocrx_word' id='word_1_174' title='bbox 488 3296 595 3372; x_wconf 86' lang='lat' dir='ltr'>Vsque</span> <span class='ocrx_word' id='word_1_175' title='bbox 610 3294 796 3354; x_wconf 68' lang='lat' dir='ltr'>effrenatum</span> <span class='ocrx_word' id='word_1_176' title='bbox 812 3293 876 3355; x_wconf 89' lang='lat' dir='ltr'>suis</span> <span class='ocrx_word' id='word_1_177' title='bbox 894 3311 943 3352; x_wconf 92' lang='lat' dir='ltr'>me</span> <span class='ocrx_word' id='word_1_178' title='bbox 958 3293 1124 3353; x_wconf 76' lang='lat' dir='ltr'>ductarent</span> <span class='ocrx_word' id='word_1_179' title='bbox 1138 3292 1227 3353; x_wconf 88' lang='lat' dir='ltr'>dolis.</span> <span class='ocrx_word' id='word_1_180' title='bbox 1371 3306 1413 3352; x_wconf 67' lang='lat' dir='ltr'>itu</span> 
     </span>
     <span class='ocr_line' id='line_1_27' title="bbox 489 3397 1330 3477; baseline -0.001 -17"><span class='ocrx_word' id='word_1_181' title='bbox 489 3401 582 3460; x_wconf 88' lang='lat' dir='ltr'>Nunc</span> <span class='ocrx_word' id='word_1_182' title='bbox 596 3401 747 3460; x_wconf 76' lang='lat' dir='ltr'>certumst</span> <span class='ocrx_word' id='word_1_183' title='bbox 762 3399 842 3459; x_wconf 84' lang='lat' dir='ltr'>nulli</span> <span class='ocrx_word' id='word_1_184' title='bbox 857 3399 988 3477; x_wconf 86' lang='lat' dir='ltr'>p6sthac</span> <span class='ocrx_word' id='word_1_185' title='bbox 1003 3398 1170 3476; x_wconf 84' lang='lat' dir='ltr'>quicquam</span> <span class='ocrx_word' id='word_1_186' title='bbox 1188 3397 1330 3459; x_wconf 76' lang='lat' dir='ltr'>credere:</span> 
     </span>
     <span class='ocr_line' id='line_1_28' title="bbox 491 3502 1221 3584; baseline -0.004 -20"><span class='ocrx_word' id='word_1_187' title='bbox 491 3506 574 3565; x_wconf 76' lang='lat' dir='ltr'>Satis</span> <span class='ocrx_word' id='word_1_188' title='bbox 590 3503 658 3565; x_wconf 83' lang='lat' dir='ltr'>siun</span> <span class='ocrx_word' id='word_1_189' title='bbox 674 3506 768 3580; x_wconf 86' lang='lat' dir='ltr'>semel</span> <span class='ocrx_word' id='word_1_190' title='bbox 784 3506 942 3584; x_wconf 74' lang='lat' dir='ltr'>deceptus.</span> <span class='ocrx_word' id='word_1_191' title='bbox 987 3502 1112 3582; x_wconf 83' lang='lat' dir='ltr'>speraui</span> <span class='ocrx_word' id='word_1_192' title='bbox 1126 3503 1221 3564; x_wconf 82' lang='lat' dir='ltr'>miser</span> 
     </span>
     <span class='ocr_line' id='line_1_29' title="bbox 489 3609 1067 3685; baseline 0.003 -18"><span class='ocrx_word' id='word_1_193' title='bbox 489 3610 539 3667; x_wconf 82' lang='lat' dir='ltr'>Ex</span> <span class='ocrx_word' id='word_1_194' title='bbox 553 3610 706 3670; x_wconf 65' lang='lat' dir='ltr'>seruitute</span> <span class='ocrx_word' id='word_1_195' title='bbox 721 3629 770 3669; x_wconf 90' lang='lat' dir='ltr'>me</span> <span class='ocrx_word' id='word_1_196' title='bbox 785 3610 937 3671; x_wconf 71' lang='lat' dir='ltr'>exemisse</span> <span class='ocrx_word' id='word_1_197' title='bbox 952 3609 1067 3685; x_wconf 83' lang='lat' dir='ltr'>fssium,</span> 
     </span>
     <span class='ocr_line' id='line_1_30' title="bbox 489 3713 1191 3795; baseline 0.001 -23"><span class='ocrx_word' id='word_1_198' title='bbox 489 3715 537 3774; x_wconf 85' lang='lat' dir='ltr'>Ea</span> <span class='ocrx_word' id='word_1_199' title='bbox 551 3714 621 3791; x_wconf 71' lang='lat' dir='ltr'>spes</span> <span class='ocrx_word' id='word_1_200' title='bbox 637 3715 782 3793; x_wconf 85' lang='lat' dir='ltr'>elapsast.</span> <span class='ocrx_word' id='word_1_201' title='bbox 825 3715 950 3795; x_wconf 73' lang='lat' dir='ltr'>perdidi</span> <span class='ocrx_word' id='word_1_202' title='bbox 964 3735 1061 3775; x_wconf 90' lang='lat' dir='ltr'>unum</span> <span class='ocrx_word' id='word_1_203' title='bbox 1076 3713 1191 3789; x_wconf 89' lang='lat' dir='ltr'>fssium,</span> 
     </span>
     <span class='ocr_line' id='line_1_31' title="bbox 490 3817 1416 3897; baseline 0.002 -22"><span class='ocrx_word' id='word_1_204' title='bbox 490 3817 625 3877; x_wconf 75' lang='lat' dir='ltr'>Puerum</span> <span class='ocrx_word' id='word_1_205' title='bbox 642 3821 842 3895; x_wconf 87' lang='lat' dir='ltr'>quadrimum</span> <span class='ocrx_word' id='word_1_206' title='bbox 857 3821 949 3897; x_wconf 71' lang='lat' dir='ltr'>quem</span> <span class='ocrx_word' id='word_1_207' title='bbox 964 3819 1043 3880; x_wconf 91' lang='lat' dir='ltr'>mihi</span> <span class='ocrx_word' id='word_1_208' title='bbox 1058 3838 1166 3881; x_wconf 87' lang='lat' dir='ltr'>seruos</span> <span class='ocrx_word' id='word_1_209' title='bbox 1181 3817 1314 3897; x_wconf 75' lang='lat' dir='ltr'>surpuit,</span> <span class='ocrx_word' id='word_1_210' title='bbox 1371 3830 1416 3877; x_wconf 77' lang='lat'>76⁰</span> 
     </span>
     <span class='ocr_line' id='line_1_32' title="bbox 489 3922 1380 4003; baseline 0.001 -21"><span class='ocrx_word' id='word_1_211' title='bbox 489 3923 601 4000; x_wconf 89' lang='lat' dir='ltr'>Neque</span> <span class='ocrx_word' id='word_1_212' title='bbox 616 3922 686 3982; x_wconf 82' lang='lat' dir='ltr'>eiun</span> <span class='ocrx_word' id='word_1_213' title='bbox 701 3943 824 3984; x_wconf 87' lang='lat' dir='ltr'>seruom</span> <span class='ocrx_word' id='word_1_214' title='bbox 839 3944 988 4001; x_wconf 85' lang='lat' dir='ltr'>umquam</span> <span class='ocrx_word' id='word_1_215' title='bbox 1002 3925 1126 4003; x_wconf 72' lang='lat' dir='ltr'>repperi</span> <span class='ocrx_word' id='word_1_216' title='bbox 1140 3942 1242 4002; x_wconf 85' lang='lat' dir='ltr'>neque</span> <span class='ocrx_word' id='word_1_217' title='bbox 1256 3923 1380 3984; x_wconf 86' lang='lat' dir='ltr'>fssium:</span> 
     </span>
     <span class='ocr_line' id='line_1_33' title="bbox 490 4026 1327 4106; baseline 0.001 -18"><span class='ocrx_word' id='word_1_218' title='bbox 490 4028 591 4088; x_wconf 75' lang='lat' dir='ltr'>Meicr</span> <span class='ocrx_word' id='word_1_219' title='bbox 606 4027 727 4105; x_wconf 80' lang='lat' dir='ltr'>potitus</span> <span class='ocrx_word' id='word_1_220' title='bbox 741 4027 920 4090; x_wconf 77' lang='lat' dir='ltr'>hcstiumst.</span> <span class='ocrx_word' id='word_1_221' title='bbox 963 4028 1046 4106; x_wconf 90' lang='lat' dir='ltr'>quod</span> <span class='ocrx_word' id='word_1_222' title='bbox 1061 4028 1119 4089; x_wconf 72' lang='lat' dir='ltr'>hcc</span> <span class='ocrx_word' id='word_1_223' title='bbox 1135 4029 1184 4090; x_wconf 74' lang='lat' dir='ltr'>eet</span> <span class='ocrx_word' id='word_1_224' title='bbox 1198 4026 1327 4089; x_wconf 81' lang='lat' dir='ltr'>seclus?</span> 
     </span>
    </p>
   </div>
   <div class='ocr_carea' id='block_1_3' title="bbox 0 0 1791 4784">
    <p class='ocr_par' dir='ltr' id='par_1_8' title="bbox 0 0 1791 4784">
     <span class='ocr_line' id='line_1_34' title="bbox 0 0 1791 4784; baseline 0 0"><span class='ocrx_word' id='word_1_225' title='bbox 0 0 1791 4784; x_wconf 95' lang='lat' dir='ltr'> </span> 
     </span>
    </p>
   </div>
  </div>
 </body>
</html>
