3542 4784
350 548 450 599 nze
464 546 550 614 2-14]
819 544 980 598 cmm,
1086 515 1094 540 '
1385 530 1427 594 53

500 715 725 796 Parasitosque
744 716 846 778 omnis
867 716 976 795 etqui
998 715 1128 795 posthac
1148 715 1257 777 cenam
1279 713 1426 794 parasitis

584 823 681 884 dabit.
1384 833 1427 879 oro

501 928 617 989 Clades
644 927 868 1006 calamitasque
897 926 1098 1005 intemperies
1118 927 1211 987 modo
1231 934 1265 986 ln
1286 931 1426 987 nostram

584 1032 713 1094 aduenit
727 1034 863 1094 domum.

500 1139 598 1210 Quasi
620 1137 714 1218 lupus
735 1138 874 1200 esuriens
895 1136 989 1198 timui
1010 1156 1049 1199 ne
1070 1137 1104 1197 in
1124 1156 1174 1198 me
1195 1138 1312 1198 faceret
1334 1137 1427 1216 impe-

582 1245 693 1316 tum†:

501 1348 565 1409 Vbi
579 1349 684 1409 uoltus
699 1394 706 1408 .
723 1394 729 1407 .
745 1394 753 1407 .
769 1368 838 1409 sur.
849 1395 855 1407 .
866 1347 952 1410 ntis.
969 1394 976 1408 .
992 1393 999 1408 .
1016 1348 1168 1426 impetum
1369 1347 1426 1406 912³

501 1454 670 1531 Nimisque
684 1452 789 1514 hercle
803 1472 860 1530 ego
874 1453 966 1513 illum
980 1454 1060 1515 malo
1076 1453 1261 1514 formidaui:
1285 1453 1331 1514 ita
1344 1454 1426 1514 fren-

584 1558 677 1619 debat
691 1558 846 1620 dentibus.

502 1663 686 1725 Adueniens
700 1669 802 1724 totum
816 1663 998 1725 deturbauit
1012 1662 1081 1724 crim
1097 1674 1189 1725 carne
1203 1665 1389 1740 carnarium,

503 1767 649 1847 Arripuit
682 1768 831 1846 gladium,
860 1770 1096 1847 praetruncauit
1130 1769 1231 1830 tribus
1266 1771 1424 1847 tegoribus

585 1873 720 1950 glandia,
1382 1890 1425 1933 oro

503 1978 604 2040 Aulas
618 1978 792 2057 calicesque
806 1978 908 2041 omnis
923 1979 1078 2057 confregit
1094 1978 1156 2041 nisi
1173 1998 1253 2058 quae
1274 1980 1424 2041 modiales

584 2089 690 2144 erant:

504 2188 643 2267 Coquom
657 2188 907 2268 percontabatr'u,
922 2195 1091 2268 possentne
1107 2190 1204 2251 seriae
1219 2191 1409 2250 feruescere:

505 2293 609 2355 Cellas
623 2295 754 2371 refregit
768 2295 869 2355 omnis
883 2296 969 2357 intus
984 2277 1175 2372 reclusitque
1190 2296 1366 2356 armarium.

504 2399 679 2460 Adseruate
690 2400 802 2476 istunc,
815 2399 917 2476 sultis,
930 2400 1029 2461 serui:
1052 2418 1109 2477 ego
1123 2400 1182 2475 stro,
1196 2408 1230 2460 ut
1241 2402 1424 2461 conueniam

584 2522 698 2565 senem.

503 2609 624 2686 Dicam,
645 2608 682 2670 1'1t
702 2610 764 2671 sibi
785 2628 900 2689 penum
921 2609 998 2671 alibi
1019 2610 1158 2686 adornet,
1180 2589 1335 2688 siquidem
1359 2630 1425 2671 sese

584 2714 633 2775 uti
646 2714 748 2775 uolet:
1382 2729 1426 2775 920

503 2819 588 2881 Nam
601 2819 653 2880 hic
667 2820 793 2899 quidem
811 2819 816 2903 1
834 2827 871 2881 ut
884 2821 1017 2881 adornat
1032 2827 1087 2881 aut
1096 2820 1159 2881 iam
1170 2820 1216 2880 nil
1231 2826 1280 2882 est
1294 2828 1349 2882 aut
1363 2823 1425 2882 iam

583 2924 630 2985 nss
644 2924 705 2986 erit
719 2924 841 3006 [astes
854 2928 928 2987 bocla
942 2930 1006 2986 into
1019 2928 1066 2985 the
1080 2928 1195 3009 house}
