3542 4784
813 548 951 599 mvii
1220 552 1284 618 [111.
1294 554 1317 603 4.
1328 552 1391 603 4155

595 720 664 798 ligo
675 728 815 799 inquam

683 826 743 908 [15
757 828 873 909 Heyie]
889 826 977 887 Tune
991 826 1065 887 huie
1079 828 1211 891 eredis?

824 930 902 993 Plus
916 932 1044 1009 quidem
1059 952 1156 1010 quam
1171 935 1232 996 tibi
1248 935 1304 997 ar'rt
1318 936 1402 997 mihi:

484 1041 567 1101 Nam
581 1036 637 1098 ssle
650 1038 788 1115 quidem,
799 1056 894 1115 quem
906 1042 942 1097 tu
955 1035 1039 1098 hune
1053 1056 1212 1102 memoras
1226 1059 1306 1120 esse,
1321 1043 1404 1103 hddie

563 1123 871 1204 moabitidem

482 1230 536 1311 sid
548 1256 670 1329 petrem
685 1249 787 1309 huius.

403 1354 460 1417 Ar.
747 1354 848 1425 Quem
862 1359 994 1433 patrem,
1009 1354 1064 1432 qui
1078 1356 1189 1418 seruos
1204 1347 1282 1419 est?

408 1463 459 1537 Ti!-
1174 1462 1220 1522 Et
1233 1461 1270 1523 tri
1285 1464 1409 1542 quidem

483 1566 597 1626 Seruoe
611 1584 655 1639 es,
670 1564 750 1625 liber
763 1563 870 1626 fuisti:
893 1570 927 1625 et
940 1565 998 1641 ego
1011 1584 1061 1625 me
1076 1565 1201 1627 eoufidd
1216 1569 1296 1645 fore,
1369 1584 1410 1630 575

483 1671 517 1731 Si
531 1669 626 1731 hdius
639 1669 700 1730 hue
714 1669 933 1731 reeduciliaeso
947 1670 982 1729 iu
995 1668 1175 1731 libertatem
1190 1672 1310 1735 filium.

367 1795 390 1834 u
402 1778 457 1837 Ar.
480 1775 563 1846 Quid
580 1776 636 1851 ais,
654 1775 814 1835 furcifer?
838 1780 897 1835 tun
917 1754 952 1835 te
972 1773 1103 1852 guatrim
1123 1794 1280 1841 memoras
1300 1783 1319 1852 †
1340 1781 1410 1843 11155-

561 1882 660 1940 rum?

406 1990 457 2064 Ty.
483 1986 555 2047 Nen
570 1985 716 2064 equidem
728 2004 777 2045 me
792 1984 950 2062 Liberum,
966 1986 1021 2046 sed
1035 1984 1251 2048 Philocratem
1266 2009 1337 2051 esse
1352 1992 1406 2052 aid.

401 2094 456 2154 Ar.
1235 2094 1320 2165 Quid
1335 2099 1408 2158 est?

481 2170 525 2258 iit
539 2196 700 2270 scelestus,
715 2196 829 2273 Hegio,
843 2189 1002 2257 nunciate
1016 2201 1049 2257 te
1063 2196 1154 2257 ludds
1168 2197 1258 2258 feeit.

481 2302 564 2362 Nam
582 2300 587 2383 Ι
605 2302 633 2362 is
654 2307 703 2362 est
724 2320 831 2363 seruos
851 2301 920 2380 ipse
940 2319 1041 2380 neque
1062 2302 1187 2380 praeter
1206 2321 1241 2364 se
1258 2324 1407 2385 umquam

561 2407 590 2466 ei
605 2407 711 2467 seruds
726 2406 790 2466 fuit
1365 2424 1407 2471 555

406 2515 456 2589 Ty.
482 2511 563 2584 Quia
589 2517 657 2571 tute
685 2512 753 2590 ipse
781 2512 853 2588 eges
881 2512 917 2571 in
944 2511 1048 2590 patria
1069 2512 1127 2573 nee
1148 2510 1209 2574 tibi
1231 2514 1287 2592 qui
1314 2516 1406 2579 uiuae

561 2617 686 2691 domist,

363 2740 389 2781 55
482 2708 594 2783 Omnis
608 2721 744 2782 inueniri
759 2721 873 2783 similis
888 2721 937 2782 tui
950 2722 1008 2783 uis.
1050 2739 1114 2783 nou
1127 2721 1243 2783 minim
1257 2725 1357 2787 faeie:

481 2815 539 2888 Est
553 2827 746 2903 miserorum,
760 2833 797 2887 ut
811 2827 1034 2888 maleuoleutes
1050 2826 1115 2889 sint
1128 2832 1224 2907 atque
1239 2812 1405 2893 inuideant

561 2933 660 2993 bonis.

400 3038 455 3098 Ar.
479 3038 592 3113 Hegio,
607 3037 681 3097 uide
701 3036 753 3113 sie,
768 3038 886 3116 nequid
906 3043 943 3098 tu
963 3037 1037 3099 huic
1058 3038 1175 3099 temere
1192 3038 1325 3103 insistas
1341 3043 1405 3103 cre

560 3142 650 3202 dere:

479 3228 585 3325 [itque
613 3253 650 3307 ut
670 3247 834 3327 perspicit,
859 3249 1001 3327 profecto
1028 3249 1092 3310 iam
1110 3247 1115 3331 Ι
1133 3248 1256 3329 aliquid
1280 3271 1403 3331 pugnae

561 3352 669 3413 edidit.
1360 3372 1404 3418 585

479 3455 597 3517 Fssium
619 3463 705 3517 tuom
727 3458 810 3535 qu6d
831 3458 984 3519 redimere
1006 3478 1039 3521 55
1061 3459 1114 3536 ait,
1137 3460 1171 3521 id
1195 3480 1235 3522 ne
1259 3462 1403 3542 utiquam

560 3560 639 3620 mssri
653 3561 763 3639 plaeet.
900 3629 903 3635 ,

363 3683 389 3725 55
405 3667 456 3743 Ty.
482 3665 552 3727 Scio
572 3671 605 3726 te
625 3666 659 3725 id
680 3665 764 3725 nolle
784 3665 874 3727 fieri:
898 3667 1028 3729 efficiam
1050 3671 1157 3731 tamen
1175 3689 1232 3748 ego
1252 3671 1296 3749 id,
1320 3674 1349 3735 si
1369 3674 1401 3734 di

560 3770 720 3831 adiuuant.
861 3780 864 3785 '

480 3857 577 3936 illum
594 3875 758 3936 restituam
773 3874 856 3952 huie,
870 3876 923 3937 hio
941 3883 1046 3937 autem
1063 3878 1097 3939 in
1114 3861 1241 3943 dlidem
1261 3902 1312 3944 me
1333 3884 1401 3945 med

560 3980 660 4060 patri:
