<?xml version="1.0" encoding="UTF-8"?>
<!DOCTYPE html PUBLIC "-//W3C//DTD XHTML 1.0 Transitional//EN"
    "http://www.w3.org/TR/xhtml1/DTD/xhtml1-transitional.dtd">
<html xmlns="http://www.w3.org/1999/xhtml" xml:lang="en" lang="en">
 <head>
  <title>
</title>
<meta http-equiv="Content-Type" content="text/html;charset=utf-8" />
  <meta name='ocr-system' content='tesseract 3.04.00' />
  <meta name='ocr-capabilities' content='ocr_page ocr_carea ocr_par ocr_line ocrx_word'/>
</head>
<body>
  <div class='ocr_page' id='page_1' title='image "./tmacciplavticap00plaugoog_0073.png"; bbox 0 0 3542 4784; ppageno 0'>
   <div class='ocr_carea' id='block_1_1' title="bbox 325 491 1389 592">
    <p class='ocr_par' dir='ltr' id='par_1_1' title="bbox 325 491 1389 592">
     <span class='ocr_line' id='line_1_1' title="bbox 325 491 1389 592; baseline 0.001 -15"><span class='ocrx_word' id='word_1_1' title='bbox 325 527 352 579; x_wconf 89' lang='lat'><strong>1.</strong></span> <span class='ocrx_word' id='word_1_2' title='bbox 364 529 390 579; x_wconf 78' lang='grc'><strong>0.</strong></span> <span class='ocrx_word' id='word_1_3' title='bbox 404 526 500 592; x_wconf 82' lang='lat'>20-43]</span> <span class='ocrx_word' id='word_1_4' title='bbox 708 496 713 502; x_wconf 81' lang='grc'><strong>’</strong></span> <span class='ocrx_word' id='word_1_5' title='bbox 784 524 945 577; x_wconf 75' lang='lat' dir='ltr'><strong>canum.</strong></span> <span class='ocrx_word' id='word_1_6' title='bbox 1324 491 1344 519; x_wconf 45' lang='lat' dir='ltr'><em>f</em></span> <span class='ocrx_word' id='word_1_7' title='bbox 1369 516 1389 578; x_wconf 86' lang='lat'><strong>9</strong></span> 
     </span>
    </p>
   </div>
   <div class='ocr_carea' id='block_1_2' title="bbox 287 697 1396 4043">
    <p class='ocr_par' dir='ltr' id='par_1_2' title="bbox 287 697 1396 4043">
     <span class='ocr_line' id='line_1_2' title="bbox 325 697 1391 777; baseline -0.001 -19"><span class='ocrx_word' id='word_1_8' title='bbox 325 716 357 758; x_wconf 78' lang='lat' dir='ltr'><strong>so</strong></span> <span class='ocrx_word' id='word_1_9' title='bbox 372 700 431 759; x_wconf 85' lang='lat' dir='ltr'><strong>Er.</strong></span> <span class='ocrx_word' id='word_1_10' title='bbox 457 697 661 777; x_wconf 68' lang='grc' dir='ltr'>[111111000οΜ</span> <span class='ocrx_word' id='word_1_11' title='bbox 677 699 728 757; x_wconf 84' lang='lat' dir='ltr'><strong>but</strong></span> <span class='ocrx_word' id='word_1_12' title='bbox 739 700 902 774; x_wconf 72' lang='lat' dir='ltr'><strong>paloposelp</strong></span> <span class='ocrx_word' id='word_1_13' title='bbox 916 700 988 757; x_wconf 83' lang='lat' dir='ltr'><strong>loud</strong></span> <span class='ocrx_word' id='word_1_14' title='bbox 1002 699 1117 775; x_wconf 76' lang='lat' dir='ltr'><strong>eoouph</strong></span> <span class='ocrx_word' id='word_1_15' title='bbox 1131 707 1159 758; x_wconf 83' lang='lat' dir='ltr'><strong>to</strong></span> <span class='ocrx_word' id='word_1_16' title='bbox 1174 706 1282 758; x_wconf 83' lang='lat' dir='ltr'>ottroot</span> <span class='ocrx_word' id='word_1_17' title='bbox 1299 707 1391 758; x_wconf 81' lang='lat' dir='ltr'>otten-</span> 
     </span>
     <span class='ocr_line' id='line_1_3' title="bbox 535 795 1391 884; baseline 0.002 -22"><span class='ocrx_word' id='word_1_18' title='bbox 535 804 613 884; x_wconf 79' lang='lat' dir='ltr'>tioo]</span> <span class='ocrx_word' id='word_1_19' title='bbox 631 802 765 879; x_wconf 73' lang='lat' dir='ltr'><strong>Aegrest</strong></span> <span class='ocrx_word' id='word_1_20' title='bbox 784 803 828 862; x_wconf 92' lang='lat' dir='ltr'><strong>mi</strong></span> <span class='ocrx_word' id='word_1_21' title='bbox 847 803 931 863; x_wconf 88' lang='lat' dir='ltr'><strong>huno</strong></span> <span class='ocrx_word' id='word_1_22' title='bbox 947 803 1051 864; x_wconf 83' lang='lat' dir='ltr'>faeere</span> <span class='ocrx_word' id='word_1_23' title='bbox 1072 803 1237 881; x_wconf 76' lang='lat' dir='ltr'><strong>quaestum</strong></span> <span class='ocrx_word' id='word_1_24' title='bbox 1258 795 1391 864; x_wconf 60' lang='lat' dir='ltr'><strong>carcero„</strong></span> 
     </span>
     <span class='ocr_line' id='line_1_4' title="bbox 537 908 618 967; baseline 0 0"><span class='ocrx_word' id='word_1_25' title='bbox 537 908 618 967; x_wconf 89' lang='lat' dir='ltr'><strong>rium</strong></span> 
     </span>
     <span class='ocr_line' id='line_1_5' title="bbox 456 1012 1392 1093; baseline -0.002 -20"><span class='ocrx_word' id='word_1_26' title='bbox 456 1015 588 1093; x_wconf 77' lang='lat' dir='ltr'>Propter</span> <span class='ocrx_word' id='word_1_27' title='bbox 602 1015 652 1075; x_wconf 90' lang='lat' dir='ltr'><strong>sui</strong></span> <span class='ocrx_word' id='word_1_28' title='bbox 666 1013 753 1091; x_wconf 86' lang='lat' dir='ltr'><strong>gnati</strong></span> <span class='ocrx_word' id='word_1_29' title='bbox 767 1013 925 1075; x_wconf 85' lang='lat' dir='ltr'><strong>miseriam</strong></span> <span class='ocrx_word' id='word_1_30' title='bbox 939 1012 1088 1075; x_wconf 76' lang='lat' dir='ltr'><strong>misertim</strong></span> <span class='ocrx_word' id='word_1_31' title='bbox 1103 1033 1217 1074; x_wconf 86' lang='lat' dir='ltr'><strong>senem.</strong></span> <span class='ocrx_word' id='word_1_32' title='bbox 1349 1026 1392 1072; x_wconf 83' lang='grc'>130</span> 
     </span>
     <span class='ocr_line' id='line_1_6' title="bbox 458 1117 1193 1198; baseline 0 -19"><span class='ocrx_word' id='word_1_33' title='bbox 458 1120 519 1180; x_wconf 85' lang='lat' dir='ltr'><strong>Sed</strong></span> <span class='ocrx_word' id='word_1_34' title='bbox 534 1120 561 1180; x_wconf 91' lang='lat' dir='ltr'><strong>si</strong></span> <span class='ocrx_word' id='word_1_35' title='bbox 574 1117 641 1179; x_wconf 82' lang='lat' dir='ltr'><strong>tllo</strong></span> <span class='ocrx_word' id='word_1_36' title='bbox 655 1126 746 1197; x_wconf 75' lang='lat' dir='ltr'><strong>panto</strong></span> <span class='ocrx_word' id='word_1_37' title='bbox 760 1119 815 1179; x_wconf 88' lang='lat' dir='ltr'><strong>ille</strong></span> <span class='ocrx_word' id='word_1_38' title='bbox 829 1118 891 1179; x_wconf 79' lang='grc'>11110</span> <span class='ocrx_word' id='word_1_39' title='bbox 906 1119 1067 1180; x_wconf 81' lang='lat' dir='ltr'><strong>consiliari</strong></span> <span class='ocrx_word' id='word_1_40' title='bbox 1080 1124 1193 1198; x_wconf 85' lang='lat' dir='ltr'>potest,</span> 
     </span>
     <span class='ocr_line' id='line_1_7' title="bbox 287 1223 1256 1303; baseline 0 -19"><span class='ocrx_word' id='word_1_41' title='bbox 287 1247 325 1296; x_wconf 50' lang='lat' dir='ltr'>ff</span> <span class='ocrx_word' id='word_1_42' title='bbox 457 1225 517 1285; x_wconf 91' lang='lat' dir='ltr'><strong>Vel</strong></span> <span class='ocrx_word' id='word_1_43' title='bbox 532 1224 754 1285; x_wconf 69' lang='lat' dir='ltr'><strong>cornufioinam</strong></span> <span class='ocrx_word' id='word_1_44' title='bbox 768 1226 851 1285; x_wconf 88' lang='lat' dir='ltr'><strong>huno</strong></span> <span class='ocrx_word' id='word_1_45' title='bbox 866 1226 970 1286; x_wconf 67' lang='lat' dir='ltr'>faeere</span> <span class='ocrx_word' id='word_1_46' title='bbox 984 1244 1109 1303; x_wconf 88' lang='lat' dir='ltr'><strong>possum</strong></span> <span class='ocrx_word' id='word_1_47' title='bbox 1125 1223 1256 1303; x_wconf 73' lang='lat' dir='ltr'>perpeti.</span> 
     </span>
     <span class='ocr_line' id='line_1_8' title="bbox 376 1329 780 1407; baseline 0.002 -18"><span class='ocrx_word' id='word_1_48' title='bbox 376 1332 435 1389; x_wconf 85' lang='lat' dir='ltr'><strong>He.</strong></span> <span class='ocrx_word' id='word_1_49' title='bbox 458 1330 535 1401; x_wconf 81' lang='lat' dir='ltr'><strong>Quis</strong></span> <span class='ocrx_word' id='word_1_50' title='bbox 550 1330 602 1389; x_wconf 91' lang='grc' dir='ltr'><strong>11Ῑο</strong></span> <span class='ocrx_word' id='word_1_51' title='bbox 615 1329 780 1407; x_wconf 77' lang='lat' dir='ltr'><strong>loquitur?</strong></span> 
     </span>
     <span class='ocr_line' id='line_1_9' title="bbox 376 1435 1347 1513; baseline 0 -18"><span class='ocrx_word' id='word_1_52' title='bbox 376 1438 433 1495; x_wconf 83' lang='lat' dir='ltr'><strong>Er.</strong></span> <span class='ocrx_word' id='word_1_53' title='bbox 821 1436 898 1512; x_wconf 85' lang='lat' dir='ltr'>Ego,</span> <span class='ocrx_word' id='word_1_54' title='bbox 911 1435 965 1513; x_wconf 91' lang='lat' dir='ltr'><strong>qui</strong></span> <span class='ocrx_word' id='word_1_55' title='bbox 979 1436 1034 1495; x_wconf 81' lang='lat' dir='ltr'><strong>tuo</strong></span> <span class='ocrx_word' id='word_1_56' title='bbox 1048 1453 1185 1495; x_wconf 86' lang='lat' dir='ltr'><strong>maerore</strong></span> <span class='ocrx_word' id='word_1_57' title='bbox 1201 1435 1347 1512; x_wconf 68' lang='lat' dir='ltr'><strong>maceror,</strong></span> 
     </span>
     <span class='ocr_line' id='line_1_10' title="bbox 332 1540 1111 1627; baseline 0 -28"><span class='ocrx_word' id='word_1_58' title='bbox 332 1558 362 1599; x_wconf 77' lang='lat' dir='ltr'><strong>as</strong></span> <span class='ocrx_word' id='word_1_59' title='bbox 458 1540 608 1616; x_wconf 75' lang='lat' dir='ltr'><strong>Monesen,</strong></span> <span class='ocrx_word' id='word_1_60' title='bbox 624 1541 809 1627; x_wconf 76' lang='lat' dir='ltr'><strong>consenesco</strong></span> <span class='ocrx_word' id='word_1_61' title='bbox 823 1547 855 1601; x_wconf 87' lang='lat' dir='ltr'><strong>et</strong></span> <span class='ocrx_word' id='word_1_62' title='bbox 869 1541 994 1602; x_wconf 78' lang='lat' dir='ltr'><strong>tabesco</strong></span> <span class='ocrx_word' id='word_1_63' title='bbox 1009 1541 1111 1601; x_wconf 86' lang='lat' dir='ltr'><strong>miser.</strong></span> 
     </span>
     <span class='ocr_line' id='line_1_11' title="bbox 459 1644 1392 1723; baseline -0.001 -18"><span class='ocrx_word' id='word_1_64' title='bbox 459 1644 539 1705; x_wconf 89' lang='lat' dir='ltr'><strong>Ossa</strong></span> <span class='ocrx_word' id='word_1_65' title='bbox 551 1645 646 1723; x_wconf 79' lang='lat' dir='ltr'><strong>atque</strong></span> <span class='ocrx_word' id='word_1_66' title='bbox 660 1646 753 1723; x_wconf 89' lang='lat' dir='ltr'><strong>pellis</strong></span> <span class='ocrx_word' id='word_1_67' title='bbox 768 1645 837 1706; x_wconf 77' lang='lat' dir='ltr'><strong>siun</strong></span> <span class='ocrx_word' id='word_1_68' title='bbox 850 1646 966 1707; x_wconf 85' lang='lat' dir='ltr'><strong>misera</strong></span> <span class='ocrx_word' id='word_1_69' title='bbox 980 1644 1196 1721; x_wconf 80' lang='lat' dir='ltr'><strong>meoriti&#39;uline,</strong></span> <span class='ocrx_word' id='word_1_70' title='bbox 1350 1659 1392 1704; x_wconf 81' lang='lat'><strong>135</strong></span> 
     </span>
     <span class='ocr_line' id='line_1_12' title="bbox 373 1733 1392 1830; baseline 0.002 -21"><span class='ocrx_word' id='word_1_71' title='bbox 373 1733 376 1735; x_wconf 11' lang='lat' dir='ltr'><strong>i</strong></span> <span class='ocrx_word' id='word_1_72' title='bbox 458 1751 570 1827; x_wconf 86' lang='lat' dir='ltr'>Neque</span> <span class='ocrx_word' id='word_1_73' title='bbox 598 1750 747 1829; x_wconf 72' lang='lat' dir='ltr'><strong>(unquam</strong></span> <span class='ocrx_word' id='word_1_74' title='bbox 776 1751 942 1830; x_wconf 86' lang='lat' dir='ltr'><strong>quiequam</strong></span> <span class='ocrx_word' id='word_1_75' title='bbox 971 1752 1022 1811; x_wconf 81' lang='lat' dir='ltr'><strong>me</strong></span> <span class='ocrx_word' id='word_1_76' title='bbox 1050 1751 1140 1812; x_wconf 90' lang='lat' dir='ltr'><strong>iuuat</strong></span> <span class='ocrx_word' id='word_1_77' title='bbox 1169 1752 1252 1829; x_wconf 89' lang='lat' dir='ltr'><strong>quod</strong></span> <span class='ocrx_word' id='word_1_78' title='bbox 1280 1752 1338 1811; x_wconf 81' lang='lat' dir='ltr'><strong>edo</strong></span> <span class='ocrx_word' id='word_1_79' title='bbox 1352 1788 1392 1797; x_wconf 92' lang='lat'>—</span> 
     </span>
     <span class='ocr_line' id='line_1_13' title="bbox 541 1856 768 1938; baseline 0 -22"><span class='ocrx_word' id='word_1_80' title='bbox 541 1856 651 1938; x_wconf 73' lang='lat' dir='ltr'><strong>(asido)</strong></span> <span class='ocrx_word' id='word_1_81' title='bbox 668 1857 768 1917; x_wconf 91' lang='lat' dir='ltr'><strong>domi:</strong></span> 
     </span>
     <span class='ocr_line' id='line_1_14' title="bbox 459 1961 1254 2039; baseline 0.003 -19"><span class='ocrx_word' id='word_1_82' title='bbox 459 1961 549 2022; x_wconf 85' lang='lat' dir='ltr'><strong>Foris</strong></span> <span class='ocrx_word' id='word_1_83' title='bbox 563 1962 797 2039; x_wconf 84' lang='lat' dir='ltr'><strong>aliquantillum</strong></span> <span class='ocrx_word' id='word_1_84' title='bbox 812 1962 906 2022; x_wconf 75' lang='lat' dir='ltr'><strong>etiam</strong></span> <span class='ocrx_word' id='word_1_85' title='bbox 922 1962 1006 2039; x_wconf 91' lang='lat' dir='ltr'><strong>quod</strong></span> <span class='ocrx_word' id='word_1_86' title='bbox 1021 1967 1113 2038; x_wconf 86' lang='lat' dir='ltr'><strong>gusto</strong></span> <span class='ocrx_word' id='word_1_87' title='bbox 1127 1961 1160 2022; x_wconf 77' lang='lat' dir='ltr'><strong>iu</strong></span> <span class='ocrx_word' id='word_1_88' title='bbox 1175 1962 1254 2022; x_wconf 87' lang='lat' dir='ltr'><strong>beat.</strong></span> 
     </span>
     <span class='ocr_line' id='line_1_15' title="bbox 378 2066 721 2143; baseline 0 -17"><span class='ocrx_word' id='word_1_89' title='bbox 378 2069 437 2126; x_wconf 87' lang='lat' dir='ltr'><strong>He.</strong></span> <span class='ocrx_word' id='word_1_90' title='bbox 459 2066 611 2143; x_wconf 65' lang='lat' dir='ltr'><strong>Ergasila</strong></span> <span class='ocrx_word' id='word_1_91' title='bbox 627 2067 721 2128; x_wconf 92' lang='lat' dir='ltr'><strong>salue.</strong></span> 
     </span>
     <span class='ocr_line' id='line_1_16' title="bbox 378 2171 1390 2253; baseline 0.001 -21"><span class='ocrx_word' id='word_1_92' title='bbox 378 2174 435 2232; x_wconf 81' lang='lat' dir='ltr'><strong>Er.</strong></span> <span class='ocrx_word' id='word_1_93' title='bbox 646 2172 820 2252; x_wconf 72' lang='lat' dir='ltr'><strong>[Breukioq</strong></span> <span class='ocrx_word' id='word_1_94' title='bbox 833 2173 936 2253; x_wconf 73' lang='lat' dir='ltr'><strong>dowit]</strong></span> <span class='ocrx_word' id='word_1_95' title='bbox 952 2171 1040 2232; x_wconf 82' lang='lat' dir='ltr'><strong>Dite</strong></span> <span class='ocrx_word' id='word_1_96' title='bbox 1054 2172 1132 2232; x_wconf 90' lang='lat' dir='ltr'><strong>bene</strong></span> <span class='ocrx_word' id='word_1_97' title='bbox 1147 2179 1261 2248; x_wconf 86' lang='lat' dir='ltr'><strong>ament,</strong></span> <span class='ocrx_word' id='word_1_98' title='bbox 1274 2173 1390 2249; x_wconf 86' lang='lat' dir='ltr'><strong>He‘giol</strong></span> 
     </span>
     <span class='ocr_line' id='line_1_17' title="bbox 337 2276 966 2337; baseline 0.005 -1"><span class='ocrx_word' id='word_1_99' title='bbox 337 2296 365 2336; x_wconf 81' lang='lat' dir='ltr'><strong>so</strong></span> <span class='ocrx_word' id='word_1_100' title='bbox 379 2279 439 2337; x_wconf 87' lang='lat' dir='ltr'><strong>He.</strong></span> <span class='ocrx_word' id='word_1_101' title='bbox 460 2278 511 2337; x_wconf 88' lang='lat' dir='ltr'><strong>No</strong></span> <span class='ocrx_word' id='word_1_102' title='bbox 525 2276 574 2337; x_wconf 76' lang='lat' dir='ltr'><strong>fle.</strong></span> <span class='ocrx_word' id='word_1_103' title='bbox 963 2301 966 2307; x_wconf 95' lang='lat'><em>·</em></span> 
     </span>
     <span class='ocr_line' id='line_1_18' title="bbox 379 2381 1364 2460; baseline 0.001 -19"><span class='ocrx_word' id='word_1_104' title='bbox 379 2384 436 2441; x_wconf 76' lang='lat' dir='ltr'><strong>Er.</strong></span> <span class='ocrx_word' id='word_1_105' title='bbox 618 2383 727 2458; x_wconf 84' lang='lat' dir='ltr'>Egone</span> <span class='ocrx_word' id='word_1_106' title='bbox 741 2382 831 2442; x_wconf 91' lang='lat' dir='ltr'><strong>illum</strong></span> <span class='ocrx_word' id='word_1_107' title='bbox 846 2383 909 2441; x_wconf 81' lang='lat' dir='ltr'><strong>non</strong></span> <span class='ocrx_word' id='word_1_108' title='bbox 923 2381 1041 2443; x_wconf 86' lang='lat' dir='ltr'><strong>fleam?</strong></span> <span class='ocrx_word' id='word_1_109' title='bbox 1062 2401 1142 2460; x_wconf 84' lang='lat' dir='ltr'>egon</span> <span class='ocrx_word' id='word_1_110' title='bbox 1156 2402 1219 2443; x_wconf 92' lang='lat' dir='ltr'><strong>non</strong></span> <span class='ocrx_word' id='word_1_111' title='bbox 1234 2383 1364 2444; x_wconf 76' lang='lat' dir='ltr'><strong>defleam</strong></span> 
     </span>
     <span class='ocr_line' id='line_1_19' title="bbox 461 2486 841 2547; baseline 0 -2"><span class='ocrx_word' id='word_1_112' title='bbox 461 2486 569 2547; x_wconf 80' lang='lat' dir='ltr'><strong>Talem</strong></span> <span class='ocrx_word' id='word_1_113' title='bbox 584 2486 841 2547; x_wconf 69' lang='lat' dir='ltr'><strong>adulescentem?</strong></span> 
     </span>
     <span class='ocr_line' id='line_1_20' title="bbox 379 2592 1395 2671; baseline 0.002 -20"><span class='ocrx_word' id='word_1_114' title='bbox 379 2594 438 2651; x_wconf 89' lang='lat' dir='ltr'><strong>He.</strong></span> <span class='ocrx_word' id='word_1_115' title='bbox 885 2593 1012 2671; x_wconf 72' lang='lat' dir='ltr'>semper</span> <span class='ocrx_word' id='word_1_116' title='bbox 1026 2594 1110 2654; x_wconf 88' lang='lat' dir='ltr'><strong>sensi</strong></span> <span class='ocrx_word' id='word_1_117' title='bbox 1125 2592 1196 2654; x_wconf 82' lang='lat' dir='ltr'><strong>fssio</strong></span> <span class='ocrx_word' id='word_1_118' title='bbox 1351 2608 1395 2653; x_wconf 84' lang='lat'><strong>140</strong></span> 
     </span>
     <span class='ocr_line' id='line_1_21' title="bbox 461 2697 1201 2759; baseline 0.003 -3"><span class='ocrx_word' id='word_1_119' title='bbox 461 2698 533 2757; x_wconf 91' lang='lat' dir='ltr'><strong>Meo</strong></span> <span class='ocrx_word' id='word_1_120' title='bbox 545 2704 578 2757; x_wconf 87' lang='lat' dir='ltr'><strong>te</strong></span> <span class='ocrx_word' id='word_1_121' title='bbox 592 2698 660 2759; x_wconf 77' lang='lat' dir='ltr'><strong>esse</strong></span> <span class='ocrx_word' id='word_1_122' title='bbox 674 2697 808 2758; x_wconf 87' lang='lat' dir='ltr'><strong>amioum</strong></span> <span class='ocrx_word' id='word_1_123' title='bbox 824 2704 855 2758; x_wconf 93' lang='lat' dir='ltr'><strong>et</strong></span> <span class='ocrx_word' id='word_1_124' title='bbox 869 2697 960 2757; x_wconf 89' lang='lat' dir='ltr'><strong>sslum</strong></span> <span class='ocrx_word' id='word_1_125' title='bbox 975 2698 1120 2758; x_wconf 75' lang='lat' dir='ltr'><strong>intellexi</strong></span> <span class='ocrx_word' id='word_1_126' title='bbox 1133 2699 1201 2759; x_wconf 92' lang='lat' dir='ltr'><strong>tibi.</strong></span> 
     </span>
     <span class='ocr_line' id='line_1_22' title="bbox 379 2787 1302 2882; baseline 0.001 -19"><span class='ocrx_word' id='word_1_127' title='bbox 379 2805 436 2863; x_wconf 79' lang='lat' dir='ltr'><strong>Er.</strong></span> <span class='ocrx_word' id='word_1_128' title='bbox 461 2804 541 2862; x_wconf 88' lang='lat' dir='ltr'><strong>Tum</strong></span> <span class='ocrx_word' id='word_1_129' title='bbox 556 2802 691 2882; x_wconf 76' lang='lat' dir='ltr'><strong>denique</strong></span> <span class='ocrx_word' id='word_1_130' title='bbox 705 2803 847 2864; x_wconf 89' lang='lat' dir='ltr'><strong>homines</strong></span> <span class='ocrx_word' id='word_1_131' title='bbox 861 2805 970 2863; x_wconf 80' lang='lat' dir='ltr'><strong>nostra</strong></span> <span class='ocrx_word' id='word_1_132' title='bbox 984 2803 1198 2880; x_wconf 76' lang='lat' dir='ltr'><strong>intellegimus</strong></span> <span class='ocrx_word' id='word_1_133' title='bbox 1212 2787 1302 2880; x_wconf 69' lang='lat' dir='ltr'><strong>lions,</strong></span> 
     </span>
     <span class='ocr_line' id='line_1_23' title="bbox 460 2908 1290 2987; baseline 0.001 -19"><span class='ocrx_word' id='word_1_134' title='bbox 460 2908 560 2979; x_wconf 81' lang='lat' dir='ltr'><strong>Quom</strong></span> <span class='ocrx_word' id='word_1_135' title='bbox 574 2928 654 2987; x_wconf 86' lang='lat' dir='ltr'><strong>quae</strong></span> <span class='ocrx_word' id='word_1_136' title='bbox 669 2908 702 2968; x_wconf 80' lang='lat' dir='ltr'><strong>in</strong></span> <span class='ocrx_word' id='word_1_137' title='bbox 716 2915 871 2987; x_wconf 79' lang='lat' dir='ltr'>potestate</span> <span class='ocrx_word' id='word_1_138' title='bbox 886 2909 1053 2970; x_wconf 69' lang='lat' dir='ltr'><strong>htbuimus</strong></span> <span class='ocrx_word' id='word_1_139' title='bbox 1069 2928 1105 2969; x_wconf 85' lang='lat' dir='ltr'><strong>ea</strong></span> <span class='ocrx_word' id='word_1_140' title='bbox 1119 2909 1290 2971; x_wconf 82' lang='lat' dir='ltr'><strong>amisimus.</strong></span> 
     </span>
     <span class='ocr_line' id='line_1_24' title="bbox 339 3015 1232 3092; baseline 0.002 -20"><span class='ocrx_word' id='word_1_141' title='bbox 339 3032 365 3072; x_wconf 81' lang='lat' dir='ltr'><strong>so</strong></span> <span class='ocrx_word' id='word_1_142' title='bbox 460 3015 527 3090; x_wconf 86' lang='lat' dir='ltr'><strong>llgo</strong></span> <span class='ocrx_word' id='word_1_143' title='bbox 541 3015 708 3092; x_wconf 80' lang='lat' dir='ltr'><strong>postquam</strong></span> <span class='ocrx_word' id='word_1_144' title='bbox 723 3020 835 3091; x_wconf 85' lang='lat' dir='ltr'><strong>gnatus</strong></span> <span class='ocrx_word' id='word_1_145' title='bbox 849 3016 921 3075; x_wconf 81' lang='lat' dir='ltr'><strong>tuos</strong></span> <span class='ocrx_word' id='word_1_146' title='bbox 937 3015 1070 3092; x_wconf 86' lang='lat' dir='ltr'>potitust</span> <span class='ocrx_word' id='word_1_147' title='bbox 1084 3015 1232 3092; x_wconf 77' lang='lat' dir='ltr'><strong>hostium,</strong></span> 
     </span>
     <span class='ocr_line' id='line_1_25' title="bbox 462 3118 1394 3198; baseline 0 -20"><span class='ocrx_word' id='word_1_148' title='bbox 462 3119 620 3198; x_wconf 76' lang='lat' dir='ltr'>Expertus</span> <span class='ocrx_word' id='word_1_149' title='bbox 635 3120 746 3197; x_wconf 84' lang='lat' dir='ltr'><strong>quanti</strong></span> <span class='ocrx_word' id='word_1_150' title='bbox 760 3118 867 3195; x_wconf 76' lang='lat' dir='ltr'><strong>fuerit,</strong></span> <span class='ocrx_word' id='word_1_151' title='bbox 882 3139 965 3180; x_wconf 89' lang='lat' dir='ltr'><strong>nuno</strong></span> <span class='ocrx_word' id='word_1_152' title='bbox 979 3120 1130 3181; x_wconf 86' lang='lat' dir='ltr'>desidero.</span> <span class='ocrx_word' id='word_1_153' title='bbox 1352 3136 1394 3178; x_wconf 79' lang='lat'><strong>145</strong></span> 
     </span>
     <span class='ocr_line' id='line_1_26' title="bbox 380 3222 1326 3304; baseline 0.003 -21"><span class='ocrx_word' id='word_1_154' title='bbox 380 3226 440 3284; x_wconf 87' lang='lat' dir='ltr'><strong>He.</strong></span> <span class='ocrx_word' id='word_1_155' title='bbox 464 3222 595 3286; x_wconf 75' lang='lat' dir='ltr'><strong>Alienus</strong></span> <span class='ocrx_word' id='word_1_156' title='bbox 610 3244 704 3304; x_wconf 91' lang='lat' dir='ltr'><strong>quom</strong></span> <span class='ocrx_word' id='word_1_157' title='bbox 719 3226 786 3285; x_wconf 88' lang='lat' dir='ltr'><strong>eius</strong></span> <span class='ocrx_word' id='word_1_158' title='bbox 801 3224 1032 3286; x_wconf 81' lang='lat' dir='ltr'><strong>incommodum</strong></span> <span class='ocrx_word' id='word_1_159' title='bbox 1046 3232 1110 3285; x_wconf 86' lang='lat' dir='ltr'><strong>tam</strong></span> <span class='ocrx_word' id='word_1_160' title='bbox 1126 3226 1218 3301; x_wconf 78' lang='lat' dir='ltr'>aegre</span> <span class='ocrx_word' id='word_1_161' title='bbox 1232 3226 1326 3302; x_wconf 82' lang='lat' dir='ltr'><strong>ieras,</strong></span> 
     </span>
     <span class='ocr_line' id='line_1_27' title="bbox 462 3329 1305 3410; baseline 0.005 -23"><span class='ocrx_word' id='word_1_162' title='bbox 462 3329 544 3400; x_wconf 76' lang='lat' dir='ltr'><strong>Quid</strong></span> <span class='ocrx_word' id='word_1_163' title='bbox 558 3331 608 3389; x_wconf 76' lang='lat' dir='ltr'><strong>me</strong></span> <span class='ocrx_word' id='word_1_164' title='bbox 622 3336 741 3409; x_wconf 79' lang='lat' dir='ltr'><strong>patrem</strong></span> <span class='ocrx_word' id='word_1_165' title='bbox 758 3350 814 3408; x_wconf 87' lang='lat' dir='ltr'><strong>par</strong></span> <span class='ocrx_word' id='word_1_166' title='bbox 828 3332 964 3391; x_wconf 71' lang='lat' dir='ltr'><strong>facerest</strong></span> <span class='ocrx_word' id='word_1_167' title='bbox 978 3331 1052 3410; x_wconf 92' lang='lat' dir='ltr'><strong>quoi</strong></span> <span class='ocrx_word' id='word_1_168' title='bbox 1067 3331 1155 3391; x_wconf 87' lang='lat' dir='ltr'><strong>illest</strong></span> <span class='ocrx_word' id='word_1_169' title='bbox 1168 3329 1305 3391; x_wconf 76' lang='lat' dir='ltr'><strong>unicus?</strong></span> 
     </span>
     <span class='ocr_line' id='line_1_28' title="bbox 381 3433 1393 3518; baseline 0 -23"><span class='ocrx_word' id='word_1_170' title='bbox 381 3437 438 3495; x_wconf 78' lang='lat' dir='ltr'><strong>Er.</strong></span> <span class='ocrx_word' id='word_1_171' title='bbox 464 3433 824 3518; x_wconf 75' lang='lat' dir='ltr'><strong>[Withouiojureduir]</strong></span> <span class='ocrx_word' id='word_1_172' title='bbox 841 3436 1000 3497; x_wconf 76' lang='lat' dir='ltr'><strong>Alienus?</strong></span> <span class='ocrx_word' id='word_1_173' title='bbox 1021 3454 1077 3512; x_wconf 86' lang='lat' dir='ltr'><strong>ego</strong></span> <span class='ocrx_word' id='word_1_174' title='bbox 1088 3436 1208 3497; x_wconf 72' lang='lat' dir='ltr'><strong>alienus</strong></span> <span class='ocrx_word' id='word_1_175' title='bbox 1223 3436 1297 3497; x_wconf 83' lang='lat' dir='ltr'><strong>illi?</strong></span> <span class='ocrx_word' id='word_1_176' title='bbox 1325 3437 1393 3511; x_wconf 84' lang='lat' dir='ltr'><strong>aha,</strong></span> 
     </span>
     <span class='ocr_line' id='line_1_29' title="bbox 543 3540 655 3617; baseline 0.009 -18"><span class='ocrx_word' id='word_1_177' title='bbox 543 3540 655 3617; x_wconf 76' lang='lat' dir='ltr'><strong>Hegio,</strong></span> 
     </span>
     <span class='ocr_line' id='line_1_30' title="bbox 342 3632 1359 3725; baseline 0.003 -22"><span class='ocrx_word' id='word_1_178' title='bbox 342 3664 368 3703; x_wconf 80' lang='lat'><strong>40</strong></span> <span class='ocrx_word' id='word_1_179' title='bbox 461 3645 643 3724; x_wconf 86' lang='lat' dir='ltr'><strong>Numquam</strong></span> <span class='ocrx_word' id='word_1_180' title='bbox 658 3646 739 3707; x_wconf 81' lang='lat' dir='ltr'><strong>istuc</strong></span> <span class='ocrx_word' id='word_1_181' title='bbox 753 3646 837 3706; x_wconf 81' lang='lat' dir='ltr'><strong>dixis</strong></span> <span class='ocrx_word' id='word_1_182' title='bbox 851 3648 951 3725; x_wconf 71' lang='lat' dir='ltr'><strong>neque</strong></span> <span class='ocrx_word' id='word_1_183' title='bbox 967 3648 1105 3707; x_wconf 89' lang='lat' dir='ltr'><strong>animum</strong></span> <span class='ocrx_word' id='word_1_184' title='bbox 1121 3632 1249 3708; x_wconf 85' lang='lat' dir='ltr'><strong>induxis</strong></span> <span class='ocrx_word' id='word_1_185' title='bbox 1264 3654 1359 3708; x_wconf 87' lang='lat' dir='ltr'><strong>tuom.</strong></span> 
     </span>
     <span class='ocr_line' id='line_1_31' title="bbox 463 3750 1396 3828; baseline 0.001 -19"><span class='ocrx_word' id='word_1_186' title='bbox 463 3750 537 3811; x_wconf 85' lang='lat' dir='ltr'><strong>Tibi</strong></span> <span class='ocrx_word' id='word_1_187' title='bbox 549 3751 605 3811; x_wconf 84' lang='grc'>1110</span> <span class='ocrx_word' id='word_1_188' title='bbox 619 3750 753 3827; x_wconf 76' lang='lat' dir='ltr'><strong>unicust,</strong></span> <span class='ocrx_word' id='word_1_189' title='bbox 768 3752 813 3810; x_wconf 89' lang='lat' dir='ltr'><strong>mi</strong></span> <span class='ocrx_word' id='word_1_190' title='bbox 827 3752 922 3811; x_wconf 86' lang='lat' dir='ltr'><strong>etiam</strong></span> <span class='ocrx_word' id='word_1_191' title='bbox 937 3750 1029 3812; x_wconf 76' lang='lat' dir='ltr'><strong>imino</strong></span> <span class='ocrx_word' id='word_1_192' title='bbox 1043 3752 1143 3828; x_wconf 86' lang='lat' dir='ltr'><strong>magis</strong></span> <span class='ocrx_word' id='word_1_193' title='bbox 1157 3750 1278 3815; x_wconf 80' lang='lat' dir='ltr'><strong>iinious.</strong></span> <span class='ocrx_word' id='word_1_194' title='bbox 1354 3764 1396 3810; x_wconf 74' lang='lat'><strong>150</strong></span> 
     </span>
     <span class='ocr_line' id='line_1_32' title="bbox 384 3857 1274 3934; baseline 0.002 -17"><span class='ocrx_word' id='word_1_195' title='bbox 384 3858 442 3917; x_wconf 91' lang='lat' dir='ltr'><strong>He.</strong></span> <span class='ocrx_word' id='word_1_196' title='bbox 465 3857 583 3931; x_wconf 77' lang='lat' dir='ltr'><strong>Laudo,</strong></span> <span class='ocrx_word' id='word_1_197' title='bbox 597 3857 714 3917; x_wconf 90' lang='lat' dir='ltr'><strong>malum</strong></span> <span class='ocrx_word' id='word_1_198' title='bbox 730 3876 824 3934; x_wconf 92' lang='lat' dir='ltr'><strong>quom</strong></span> <span class='ocrx_word' id='word_1_199' title='bbox 838 3857 931 3917; x_wconf 83' lang='lat' dir='ltr'><strong>amici</strong></span> <span class='ocrx_word' id='word_1_200' title='bbox 944 3863 1030 3918; x_wconf 88' lang='lat' dir='ltr'><strong>tuom</strong></span> <span class='ocrx_word' id='word_1_201' title='bbox 1045 3857 1133 3919; x_wconf 80' lang='lat' dir='ltr'><strong>ducis</strong></span> <span class='ocrx_word' id='word_1_202' title='bbox 1148 3858 1274 3919; x_wconf 87' lang='lat' dir='ltr'><strong>malum.</strong></span> 
     </span>
     <span class='ocr_line' id='line_1_33' title="bbox 465 3962 968 4043; baseline 0 -22"><span class='ocrx_word' id='word_1_203' title='bbox 465 3962 558 4022; x_wconf 82' lang='lat' dir='ltr'><strong>Nunc</strong></span> <span class='ocrx_word' id='word_1_204' title='bbox 572 3962 653 4023; x_wconf 80' lang='lat' dir='ltr'><strong>habe</strong></span> <span class='ocrx_word' id='word_1_205' title='bbox 666 3962 780 4021; x_wconf 89' lang='lat' dir='ltr'><strong>bonum</strong></span> <span class='ocrx_word' id='word_1_206' title='bbox 796 3962 943 4022; x_wconf 90' lang='lat' dir='ltr'><strong>animum.</strong></span> <span class='ocrx_word' id='word_1_207' title='bbox 963 3962 968 4043; x_wconf 87' lang='grc' dir='ltr'>Ι</span> 
     </span>
    </p>
   </div>
   <div class='ocr_carea' id='block_1_3' title="bbox 0 0 1788 4784">
    <p class='ocr_par' dir='ltr' id='par_1_3' title="bbox 0 0 1788 4784">
     <span class='ocr_line' id='line_1_34' title="bbox 0 0 1788 4784; baseline 0 0"><span class='ocrx_word' id='word_1_208' title='bbox 0 0 1788 4784; x_wconf 95' lang='lat' dir='ltr'><strong> </strong></span> 
     </span>
    </p>
   </div>
  </div>
 </body>
</html>
