3542 4784
350 538 393 603 40
808 549 947 600 Pnnvnl
1213 548 1269 613 [111.
1281 549 1299 597 s.
1309 544 1369 594 6661

401 725 459 784 He.
483 723 525 782 At.
540 720 608 782 crim
624 721 763 782 cruciatu
778 721 925 781 rndxurno
939 720 973 780 id
987 720 1142 782 factdmst
1156 727 1217 780 tuo.

406 831 457 906 Ty.
484 829 567 887 Dum
582 846 620 886 ne
635 826 674 886 6b
688 825 856 886 malefacte
869 826 1007 902 peream,
1023 826 1116 905 parui
1135 826 1139 908 Ι
1158 827 1297 886 adstumo.

363 953 389 994 66
482 933 516 994 Si
530 951 587 1008 ego
602 931 652 992 hic
668 931 784 1012 peribo,
799 936 849 991 est
863 930 918 990 ille
932 937 968 990 ut
983 931 1069 992 dixit
1084 933 1147 992 ndn
1161 932 1250 1006 redit,

482 1040 526 1098 At
541 1037 601 1098 erit
615 1037 657 1097 mi
673 1036 730 1096 hoo
745 1036 864 1097 facturn
878 1036 1002 1096 mortuo
1016 1036 1228 1111 memordbile,

483 1145 535 1205 116
550 1144 653 1204 meum
667 1161 753 1202 erum
769 1146 893 1220 captum
911 1160 949 1201 ex
964 1142 1120 1202 seruitute
1135 1148 1229 1221 etque
1243 1140 1364 1202 hdstibns
1433 1123 1437 1140 ¹

484 1249 641 1309 Reducem
656 1247 769 1307 fecisse
783 1245 916 1307 liberum
931 1247 965 1306 in
980 1246 1119 1324 patriam
1134 1247 1175 1308 dd
1189 1254 1311 1325 patrem,
1348 1254 1381 1301 666

484 1353 652 1430 Merimque
667 1352 771 1430 potius
786 1352 834 1411 me
848 1357 944 1429 caput
958 1351 1101 1430 periculo

365 1479 390 1514 66
483 1458 721 1536 I'reedpteuisse
736 1439 829 1534 duam
844 1455 871 1517 is
886 1456 1004 1535 periret
1019 1457 1143 1535 ponere.

405 1567 461 1624 Ile.
485 1563 594 1624 Facito
608 1564 680 1639 drgo
695 1568 731 1622 ut
745 1551 921 1622 dcherr'mti
934 1561 1040 1623 clueas
1055 1562 1165 1640 glorie.

410 1672 460 1745 Ty.
486 1668 546 1741 Qui
561 1669 617 1747 per
630 1669 789 1743 uirtutem,
805 1666 909 1745 periit,
924 1672 957 1726 et
972 1686 1035 1726 non
1049 1666 1168 1727 interit.
1353 1676 1389 1724 666

405 1777 461 1835 He.
485 1774 615 1845 Quando
629 1774 685 1851 ego
699 1778 731 1833 te
746 1772 900 1861 exemplis
912 1771 1068 1849 pessumis
1083 1773 1263 1834 cruciduero

485 1879 591 1956 Atque
606 1879 644 1939 db
659 1878 776 1939 sutelas
790 1877 861 1938 tude
874 1882 907 1937 te
921 1875 1019 1937 Morti
1033 1876 1158 1954 misero,

366 2005 392 2044 66
484 1984 543 2045 Vei
558 1989 590 2043 te
605 1983 762 2043 interiisse
777 1982 828 2042 uel
842 1981 973 2060 periisse
987 1982 1187 2060 praedicent:

486 2091 569 2149 Dum
584 2089 702 2167 pereas,
717 2087 790 2159 nil†
805 2088 958 2148 interdico
972 2086 1079 2148 dicant
1094 2087 1210 2150 uiuere.

413 2199 463 2271 Ty.
489 2194 547 2254 Pol
562 2193 589 2254 si
604 2193 685 2254 istuc
699 2193 792 2269 faxis,
808 2191 893 2253 herid
907 2192 974 2253 sine
988 2212 1090 2270 poene,
1103 2194 1227 2271 feceris,
1360 2204 1394 2252 616

488 2301 520 2360 Si
536 2299 590 2359 1116
604 2298 665 2359 hirc
679 2299 802 2373 rebitet,
818 2297 900 2359 sicut
914 2298 1035 2358 confido
1051 2299 1156 2359 dffore.

406 2407 462 2467 Ar.
488 2405 615 2486 [Aside]
628 2405 691 2464 Pro
705 2404 738 2464 di
749 2403 948 2465 inmortales!
971 2402 1052 2464 ndnc
1068 2405 1396 2483 egotene0,n1'1noscic

372 2531 394 2569 sc
487 2511 570 2582 Quid
584 2509 642 2570 hoc
657 2510 699 2570 sit
712 2509 833 2585 negoti:
857 2509 944 2569 mens
962 2508 1078 2570 sodalis
1092 2510 1292 2574 Philocrates

488 2617 527 2674 In
541 2615 719 2675 lssoertatest
733 2614 773 2674 dd
786 2620 908 2691 patrem
922 2614 956 2674 in
970 2615 1081 2693 patrie.
1117 2617 1196 2677 bene
1214 2624 1278 2678 est:
1365 2628 1401 2676 669

487 2723 554 2782 Nec
569 2719 735 2799 quisquam
754 2719 757 2799 1
777 2725 826 2779 est
839 2719 919 2778 mihi
934 2720 1031 2797 aeque
1046 2719 1159 2782 melius
1175 2723 1251 2799 quoi
1265 2724 1368 2784 uelim.

489 2827 550 2887 Sed
564 2827 622 2886 hdc
636 2825 715 2884 mihi
730 2830 852 2901 aegrest
863 2844 912 2885 me
923 2824 996 2885 huic
1011 2825 1136 2887 dedisse
1147 2829 1273 2904 operdm
1286 2830 1403 2902 malem,

488 2932 549 3003 Qui
563 2930 646 2991 minc
660 2935 787 3016 propter
801 2949 850 2989 me
864 2930 995 3009 meaque
1009 2931 1105 2991 uerba
1117 2931 1246 2994 uinctus
1262 2941 1318 2995 est.

370 3057 396 3097 46
409 3040 466 3099 Η6.
489 3035 608 3098 Votuin
622 3041 654 3096 te
668 3035 834 3114 quicquam
849 3034 893 3094 mi
909 3035 1003 3096 hddie
1017 3036 1134 3097 falsum
1149 3038 1323 3118 prdloqui?

414 3146 464 3219 Ty.
490 3142 638 3203 Votuisti.
975 3207 980 3214 ³

410 3250 468 3310 He.
679 3246 742 3307 Cur
757 3264 790 3307 es
805 3244 898 3307 adsus
914 3246 1042 3308 mentiri
1055 3247 1160 3329 mihi?

394 3384 396 3389 ·
414 3357 465 3432 Ty.
491 3353 571 3425 Quia
584 3354 660 3414 uera
674 3352 819 3413 obessent
833 3351 881 3412 ssli
898 3352 970 3429 quoi
989 3352 994 3433 Ι
1012 3354 1135 3431 operdm
1151 3353 1281 3415 dabam:
1372 3370 1413 3416 too

472 3461 583 3547 ,Nunc
597 3460 680 3521 16166
693 3464 832 3537 prosunt.

411 3567 468 3625 He.
646 3550 652 3560 ’
871 3544 916 3622 dt
930 3563 989 3624 tibi
1004 3564 1143 3624 oberunt.

415 3672 465 3745 Py.
800 3747 804 3756 ,
1185 3655 1356 3747 Optumest
1378 3653 1382 3660 ⁵

491 3776 535 3834 At
549 3773 635 3834 enim
651 3774 784 3849 serueui,
800 3774 889 3851 quem
907 3781 1066 3834 seruatum
1084 3773 1211 3851 geddeo,

373 3895 398 3935 66
489 3879 568 3948 Quoi
582 3880 632 3939 me
646 3878 805 3939 custodem
820 3872 986 3938 addiderat
1001 3889 1072 3939 erns
1086 3879 1184 3940 meidr
1197 3898 1293 3942 meus.

491 3982 552 4042 Sed
565 3982 687 4043 mdlene
702 3981 735 4040 id
749 3981 868 4040 fectum
886 3975 891 4055 Ι
910 3973 1089 4043 drbitrare?
