3542 4784
343 536 420 589 111.
433 538 525 599 aasz,
539 538 562 589 a.
576 538 654 605 1-1s]
783 536 940 589 caram
1346 524 1387 588 29

465 706 561 768 Nilne
583 708 635 768 ibo
658 708 699 767 ad
720 712 843 785 portum
869 706 951 767 hino.
994 712 1043 768 est
1067 705 1133 767 illio
1157 706 1200 766 mi
1226 705 1289 767 ina
1316 726 1386 785 spes

547 812 701 872 cenatica:
1345 826 1388 870 sse

467 917 501 978 Si
516 918 554 978 ea
566 916 731 993 desolabit,
746 917 854 978 redibo
868 917 929 977 huo
944 917 983 977 ad
1005 936 1110 977 senem
1127 917 1167 976 ad
1180 935 1289 977 cenam
1304 918 1388 996 aispe

546 1041 614 1084 ram
629 1022 741 1102 [leaves
755 1024 802 1082 the
815 1032 897 1101 stepo
911 1025 947 1099 by
961 1024 1008 1082 tite
1021 1024 1165 1099 lest-hand
1178 1022 1265 1101 exit}
1347 1101 1349 1105 Ι

772 1355 894 1421 Scnnn
918 1356 949 1419 2.

341 1532 457 1598 Hegiods
468 1530 561 1597 highly
572 1529 662 1582 elated
674 1544 736 1582 over
746 1530 793 1581 the
804 1536 942 1595 prospecte
954 1531 983 1583 of
999 1531 1122 1596 securing
1133 1531 1179 1582 the
1190 1536 1284 1582 return
1301 1530 1330 1582 oi
1345 1530 1387 1582 his

386 1629 438 1666 son
458 1615 512 1664 and
529 1613 727 1679 congratulatae
748 1613 857 1664 himself
879 1627 953 1676 upon
975 1613 1017 1664 hie
1039 1614 1126 1665 elever
1148 1620 1337 1678 management
1359 1615 1387 1665 oi

386 1696 487 1749 affairs.
495 1727 528 1735 -
536 1698 587 1747 His
599 1696 731 1761 soliloqny
740 1696 824 1747 forms
835 1696 949 1747 another
960 1700 1093 1748 canticam
1106 1697 1162 1762 (see
1175 1696 1277 1748 Introd.
1290 1698 1320 1747 71
1333 1697 1387 1746 and

388 1781 447 1845 72),
461 1781 510 1830 but
522 1780 568 1830 the
582 1784 663 1830 exact
674 1778 795 1829 metrioal
807 1783 941 1829 structure
954 1778 982 1830 oi
994 1779 1060 1829 eaoh
1068 1793 1150 1844 *verse
1164 1782 1187 1830 is
1202 1794 1232 1830 so
1246 1780 1386 1830 uncertain

392 1862 455 1914 that
465 1877 501 1913 no
512 1866 628 1926 attempt
639 1862 662 1913 is
672 1862 736 1913 here
747 1860 826 1913 made
836 1867 864 1912 to
876 1861 994 1913 indicate
1005 1861 1052 1912 the
1064 1861 1197 1913 scansion.

808 2046 913 2097 Hnoro.

458 2154 573 2236 [Hesio
586 2158 650 2216 aad
663 2156 892 2233 Aristophontes
906 2164 988 2215 enter
997 2159 1087 2232 front
1097 2158 1144 2216 tlte
1158 2157 1265 2238 risit]
1289 2184 1293 2194 ·

385 2279 445 2341 He.
467 2279 550 2351 Quid
564 2285 613 2341 est
627 2279 755 2340 suauius
766 2297 860 2357 quem
871 2279 950 2339 bene
961 2297 1026 2339 rem
1041 2298 1147 2356 gerere
1157 2279 1238 2340 bono
1252 2280 1385 2358 publico,

546 2384 628 2446 siout
641 2404 699 2462 ego
712 2384 775 2445 feei
789 2384 867 2457 heri,
1215 2399 1387 2454 straneasoo

466 2489 566 2561 Quom
581 2489 644 2550 emi
660 2491 753 2552 hosee
767 2490 937 2549 homines?
960 2489 1014 2550 ubi
1029 2490 1162 2567 quisque
1176 2490 1295 2566 uident,
1311 2498 1387 2552 eunt

546 2595 670 2656 obuiam
1244 2570 1251 2583 ,
1303 2585 1311 2600 ⁴

467 2700 736 2778 Gratulanturque
746 2718 814 2761 eam
825 2719 900 2760 rem.
929 2700 976 2760 ita
989 2718 1038 2759 me
1053 2699 1202 2760 miserum
1213 2700 1386 2761 restitando

466 2805 706 2883 Retinendoque
720 2805 838 2867 lassum
852 2805 1071 2865 reddiderunt:

466 2910 530 2971 Vix
544 2929 582 2970 ex
597 2910 783 2987 gratulando
797 2910 892 2971 miser
906 2910 968 2970 iam
983 2910 1165 2970 eminebam.

467 3016 607 3076 Tandem
621 3014 683 3078 abii
698 3016 738 3075 ad
752 3022 935 3093 praetorem.
979 3015 1022 3076 ibi
1037 3015 1092 3074 uix
1107 3015 1257 3093 requieui,
1343 3029 1386 3075 505

466 3121 554 3197 Rogo
568 3119 798 3199 syngraphum:
821 3121 914 3181 datur
928 3120 1007 3179 mihi
1022 3120 1110 3180 ilioo:
1133 3121 1205 3180 dedi
1220 3121 1384 3200 Tyndaro:

545 3225 600 3285 ille
614 3225 693 3286 abiit
707 3226 843 3286 domum.
1280 3240 1333 3297 506,
1343 3240 1387 3289 tot

466 3330 545 3390 Inde
582 3330 656 3396 ilioo
698 3335 837 3390 re'uortor
878 3331 1014 3406 domum,
1057 3335 1224 3408 postquam
1265 3331 1298 3391 id
1340 3352 1387 3393 ao-

545 3440 653 3495 tumst.
1279 3450 1387 3506 508,tos

465 3539 512 3599 Eo
532 3541 676 3617 protinus
697 3540 738 3600 ad
758 3540 890 3600 fratrem
911 3540 983 3600 inde
1005 3540 1079 3616 abii,
1094 3540 1156 3600 inei
1173 3541 1227 3601 ubi
1242 3549 1316 3603 sunt
1330 3543 1385 3603 alii

545 3644 678 3723 captiui:
1342 3662 1387 3707 διο

465 3750 553 3827 Rogo
566 3749 778 3811 Philocratem
793 3769 832 3810 ex
847 3751 941 3810 Alide
956 3750 1061 3829 eequis
1077 3750 1215 3811 omnium

464 3855 607 3916 Nouerit.
650 3856 777 3916 tandem
794 3855 846 3915 hio
862 3855 1021 3935 [pointing]
1035 3865 1064 3916 to
1078 3856 1321 3940 Aristophontes]
1337 3877 1386 3918 ex-

545 3960 659 4021 clamat
673 3981 744 4020 eum
759 3960 819 4021 sibi
834 3979 903 4021 esse
917 3960 1064 4021 sodalem.
