3542 4784
814 543 951 594 PLAVTI
1089 546 1156 612 [ΠΙ.
1168 548 1192 599 2.
1207 549 1295 610 lit-18,
1308 551 1328 601 8.
1339 548 1388 599 1-10

485 710 564 771 Dico
590 729 660 771 eum
688 730 756 774 esse
780 714 865 791 apud
885 733 951 775 me:
981 715 1032 776 hic
1055 719 1217 797 extemplo
1239 727 1308 781 orat
1327 722 1396 781 obse-

566 823 704 895 cratque,

485 922 566 981 Eum
583 922 642 982 sibi
658 929 693 982 ut
714 922 807 984 liceat
827 924 942 985 uidere.
986 926 1066 987 inssi
1083 927 1159 989 ilico
1179 930 1266 991 hunc
1284 931 1400 993 exsolui.

564 1046 647 1087 nunc
663 1026 801 1107 [turninq
815 1038 845 1090 to
858 1030 1102 1115 Aristophontes]
1143 1039 1180 1093 tu
1196 1055 1328 1114 sequere
1342 1055 1393 1110 me,

485 1132 530 1194 Vt
556 1133 639 1210 quod
667 1152 716 1193 me
744 1134 874 1195 orauisti
903 1134 1060 1213 impetres,
1086 1155 1159 1198 eum
1189 1140 1351 1203 hominem
1376 1148 1407 1201 ut

566 1238 743 1301 conuenias.
788 1239 884 1321 [They
897 1260 934 1319 po
948 1243 1073 1324 tacite]
1370 1259 1409 1305 otc

1420 1406 1448 1468 lt

796 1561 917 1628 Scnnn
935 1563 966 1627 3.

355 1752 497 1819 Tyndarus
508 1752 579 1804 finds
591 1753 701 1805 himself
711 1754 740 1804 in
752 1754 865 1805 trouble.
891 1755 948 1807 The
957 1755 1055 1808 arrival
1067 1756 1096 1808 of
1107 1770 1144 1808 an
1155 1757 1202 1809 old
1214 1762 1412 1825 acquaintance

448 1850 484 1887 cn
495 1837 541 1887 the
552 1849 631 1887 soene
642 1842 734 1899 upsets
744 1837 786 1887 his
797 1837 883 1900 pians.
893 1838 990 1889 -The
1002 1838 1088 1890 music
1099 1840 1154 1891 still
1166 1843 1323 1897 continues.

799 2026 959 2077 hunnum.

477 2153 657 2235 [Tyndarus
670 2173 767 2214 comos
780 2157 905 2233 mutiny
919 2164 970 2215 out
983 2158 1022 2231 os
1029 2156 1154 2233 Hepio'e
1167 2159 1288 2242 house]

409 2292 459 2366 Ty.
483 2289 577 2349 Nune
598 2288 680 2348 illud
701 2294 759 2364 est,
782 2307 876 2367 quom
900 2290 950 2349 me
974 2289 1073 2351 fuisse
1095 2309 1192 2368 quam
1216 2292 1288 2355 esse
1311 2295 1410 2357 nimio

564 2393 726 2454 mauelim:

483 2501 577 2570 Nunc
592 2500 663 2578 spes
677 2518 751 2578 opes
766 2498 946 2577 auxiliaque
960 2519 979 2561 a
992 2519 1042 2561 me
1059 2502 1226 2580 segregant
1244 2505 1408 2583 spernunt

564 2624 625 2682 que
644 2624 684 2665 se.

484 2711 548 2771 Hic
562 2709 649 2771 sslest
666 2709 741 2786 dies,
757 2730 851 2788 quom
872 2709 961 2771 milla
981 2711 1066 2772 uitae
1089 2713 1176 2774 meae
1198 2714 1285 2776 salus
1307 2717 1407 2795 spera

563 2815 668 2876 bilist:

483 2923 596 3000 Neque
620 2921 751 2981 exitium
776 2920 908 2981 exitiost
931 2922 1032 2999 neque
1056 2922 1133 2983 adeo
1157 2942 1238 3001 spes,
1260 2926 1341 3003 quae
1362 2925 1406 2985 mi

563 3026 647 3086 hunc
660 3026 795 3105 aspellat
808 3033 943 3087 metum:

483 3135 551 3195 Neo
573 3131 713 3194 subdolis
735 3132 906 3193 mendaciis
928 3131 1007 3191 mihi
1029 3131 1159 3211 isquam
1188 3135 1406 3196 mantellumst

564 3239 650 3299 meis.
1363 3254 1406 3299 520

486 3346 566 3425 (Nec
582 3343 796 3426 sycophantiis
815 3362 871 3403 nec
890 3343 973 3404 fucis
994 3341 1094 3403 iillum
1115 3343 1300 3404 mantellum
1323 3346 1406 3407 chui-

564 3452 671 3531 amst.)

483 3557 595 3634 Neque
604 3553 781 3633 deprecatio
791 3553 931 3631 perfidiis
943 3553 1020 3615 meis
1031 3572 1088 3614 nec
1100 3552 1277 3615 malefactis
1288 3554 1404 3633 sugast,

483 3662 552 3722 Nec
574 3658 781 3721 confidentiae
808 3657 941 3735 usquam
969 3659 1172 3738 hospitiumst
1193 3659 1249 3719 nec
1270 3660 1405 3722 deuon-ti·
1427 3685 1441 3728 ¹.

565 3764 670 3826 cultim
685 3763 774 3824 dolis.
1425 3821 1429 3830 .

484 3872 602 3950 Operta
616 3888 695 3948 quae
710 3869 798 3929 fuere
812 3874 921 3948 aperta
936 3868 1017 3945 sint,
1034 3875 1142 3948 patent
1156 3869 1353 3952 praestigiae.
1428 3853 1434 3868 ’

486 3975 595 4038 Omnis
610 3995 659 4036 res
674 3974 779 4053 palam
796 3972 802 4057 Ι
819 3979 883 4035 est:
908 3974 1008 4051 neque
1026 3974 1063 4033 de
1082 3973 1141 4034 hac
1156 3993 1190 4035 re
1203 3974 1405 4053 negotiumst,
