3542 4784
782 1048 878 1113 ACT
910 1048 973 1114 IV.

789 1239 911 1305 Sanun
934 1240 965 1305 1.

355 1432 491 1497 Ergasilus
508 1430 575 1483 ieols
586 1432 698 1483 ussumd
713 1430 742 1483 oi
757 1430 876 1496 ioasting
891 1432 1006 1484 without
1023 1432 1085 1495 end,
1104 1434 1134 1484 in
1151 1449 1335 1500 consequence
1345 1434 1369 1486 of
1383 1447 1396 1485 u

405 1515 473 1579 good
485 1515 559 1578 picco
571 1514 600 1564 of
616 1528 690 1565 news
701 1514 735 1565 he
746 1514 797 1565 has
808 1515 852 1566 for
863 1515 959 1579 Hegio.
967 1544 1001 1554 -
1008 1516 1059 1567 His
1072 1516 1217 1581 soliloquy,
1231 1518 1336 1569 uttered
1347 1530 1398 1568 nou

406 1599 433 1648 in
454 1597 572 1648 trochaic
589 1600 742 1661 septenarii,
763 1612 825 1647 now
845 1598 873 1648 in
893 1597 992 1649 iambic
1012 1603 1155 1662 octonarii,
1177 1602 1200 1651 is
1220 1598 1400 1666 accompauied

405 1682 441 1745 by
453 1680 623 1743 appropriate
635 1680 726 1731 music.
761 1679 810 1731 See
822 1680 925 1732 Introd.
937 1681 978 1743 56,
989 1681 1031 1742 57,
1041 1680 1082 1745 43,
1093 1682 1135 1744 45,
1147 1683 1188 1734 70.

797 1847 965 1898 Encusmvs.

508 1963 687 2043 [Erpcailtu
702 1973 798 2023 enters
805 1966 892 2040 from
906 1965 954 2023 the
968 1965 1029 2040 lefl,
1045 1968 1078 2024 iu
1092 1966 1163 2043 triph
1176 1967 1263 2048 pice]

406 2098 460 2155 Er.
487 2092 631 2172 Iippiter
647 2093 800 2171 supreme,
815 2111 922 2155 seruas
937 2094 987 2154 me
1001 2112 1148 2172 measque
1163 2098 1261 2174 auges
1277 2117 1368 2176 opes:

487 2200 650 2259 Maxumas
666 2198 844 2276 opimitates
859 2198 1067 2278 epiparasque
1083 2199 1176 2261 offers
1192 2202 1290 2262 mihi:

486 2304 625 2364 Laudem
641 2304 762 2363 lucrum
777 2282 1228 2366 ludumioeffi'ie‘stiuitatem
1246 2307 1344 2370 ferias
1369 2320 1407 2367 tut

486 2409 636 2486 Pompam
651 2428 764 2486 penum
781 2408 957 2487 potationes
973 2410 1171 2470 saturitatem
1186 2411 1349 2487 gaudium.

486 2515 553 2575 Neo
578 2514 747 2592 quoiquam
772 2513 894 2573 homini
923 2512 1098 2592 suipplioare
1123 2514 1207 2575 mino
1232 2520 1408 2589 certumsti

567 2618 658 2678 mihi:

487 2727 570 2786 Nam
589 2725 640 2784 uel
658 2725 804 2803 prodesse
821 2724 922 2785 amico
941 2743 1069 2803 possum
1090 2724 1142 2785 uel
1165 2725 1332 2788 inimicum
1350 2730 1410 2807 per·

567 2831 647 2891 dere.

488 2919 540 2998 ita
549 2937 601 2996 hic
612 2955 660 2996 me
672 2935 860 2996 amoenitete
871 2953 1002 2996 amoena
1012 2936 1159 2998 amoenus
1171 2938 1316 2999 onerauit
1328 2940 1410 3000 dies:

489 3042 564 3103 Sine
579 3041 675 3102 sacris
690 3041 898 3102 hereditatem
914 3060 982 3102 sum
992 3042 1084 3120 eptus
1099 3042 1354 3105 effertissumam.
1370 3058 1413 3105 775

488 3150 581 3209 Nunc
602 3148 643 3208 ed
667 3165 772 3207 senem
793 3145 919 3208 cursem
940 3165 1101 3225 capessam
1120 3147 1204 3209 hunc
1226 3149 1412 3226 Hegionem,

570 3252 643 3332 quoi
657 3253 731 3313 boni

491 3362 627 3421 Tantum
648 3358 753 3433 effero,
777 3365 929 3437 quantum
952 3357 1019 3436 ipse
1044 3377 1063 3419 a
1086 3358 1170 3419 diuis
1193 3360 1292 3438 eptat,
1318 3367 1414 3440 atquo

571 3465 666 3525 etiam
682 3464 826 3542 emplius.

488 3572 582 3631 Nunc
593 3570 678 3629 certa
688 3589 737 3629 res
749 3575 805 3643 est,
818 3569 926 3629 eedem
935 3575 1028 3647 pacto
1039 3576 1074 3630 ut
1085 3569 1194 3629 cemici
1206 3570 1291 3630 serui
1302 3572 1414 3646 solent,

492 3674 649 3736 coniciam
670 3675 705 3734 in
723 3674 837 3734 collum
857 3674 998 3752 pellium,
1014 3675 1116 3753 primo
1131 3675 1167 3733 ex
1183 3693 1232 3734 me
1249 3674 1330 3737 hanc
1348 3696 1416 3737 rem

570 3786 607 3840 ut
620 3778 744 3840 addiat:

494 3885 651 3963 Speroque
674 3902 723 3943 me
748 3883 787 3943 ob
811 3882 895 3941 huno
916 3881 1061 3943 mintium
1080 3884 1085 3966 Ι
1103 3884 1263 3944 aeternum
1287 3886 1418 3964 adeptu-

573 3986 640 4047 nim
655 3987 766 4047 cibum.
1371 3978 1418 4056 τέο
