3542 4784
357 555 528 628 names]
810 555 966 607 carrrvn
1372 540 1412 605 11

358 744 386 788 re
484 703 552 805 rige
567 728 611 790 sis
625 747 701 805 roga
713 733 870 807 emptum:
893 727 955 787 nisi
969 728 1024 805 qui
1038 727 1197 787 meliorem
1211 727 1335 788 ddferet

483 836 568 905 Quae
582 833 626 893 mi
640 834 734 912 dique
749 833 858 893 amicis
872 833 994 911 pldeeat
1008 831 1149 893 eondieid
1163 832 1272 908 magis,
1372 843 1414 889 180

483 938 580 1010 Quasi
594 937 728 998 fdndum
741 938 886 1013 nondam,
902 936 980 998 meis
995 956 1045 997 me
1060 937 1201 997 addicam
1216 936 1345 1015 legibus.

402 1046 462 1104 He.
485 1043 682 1103 Profundum
694 1043 806 1104 uendis
820 1041 855 1102 tn
870 1043 1007 1121 quidem,
1022 1043 1106 1103 haud
1119 1041 1254 1103 funddm
1269 1042 1355 1101 mihi.

485 1148 546 1209 Sed
561 1149 589 1210 si
602 1150 773 1224 uenturu's,
788 1148 930 1226 temperi.

402 1256 459 1313 Er.
608 1304 610 1308 .
971 1255 1039 1329 Em,
1054 1253 1105 1313 uel
1120 1253 1182 1314 iam
1196 1253 1334 1314 dtiumst.

359 1376 387 1418 rs
402 1361 461 1419 He.
486 1360 502 1418 I
517 1360 617 1435 medo,
632 1378 746 1420 uenere
762 1359 916 1438 leporem:
938 1378 1021 1419 nunc
1036 1359 1107 1419 irim
1121 1365 1218 1420 tenes.

346 1448 349 1453 ’
484 1465 567 1524 Nam
581 1463 668 1525 meris
683 1477 860 1541 scruposam
875 1464 979 1525 uictus
994 1465 1162 1525 commetdt
1174 1463 1267 1525 uiam.
1372 1477 1414 1523 18⁶

403 1571 459 1629 Er.
483 1570 663 1647 Numquam
677 1568 756 1630 istoc
770 1568 878 1629 uinces
893 1588 952 1645 me,
968 1570 1087 1645 Hegio:
1109 1589 1148 1629 ne
1162 1569 1319 1647 pdstules:

486 1675 563 1735 Cum
578 1673 724 1735 cddceatis
738 1673 885 1735 dentibus
900 1675 1025 1735 ueniam
1039 1680 1153 1735 tamen.

403 1781 462 1839 He.
484 1779 587 1857 Asper
601 1798 688 1840 meus
702 1779 806 1840 uictus
821 1780 935 1841 sanest.

402 1887 458 1944 Er.
979 1885 1123 1946 Sentisne
1138 1885 1274 1946 essitas?

361 2008 387 2047 en
402 1992 461 2050 He.
485 1989 654 2051 Terrestris
669 1997 784 2051 sanast.

401 2097 459 2154 Er.
484 2093 585 2173 [With
600 2114 620 2154 u
633 2097 714 2154 wind
728 2104 760 2154 at
773 2097 820 2155 the
834 2097 994 2177 audienda]
1013 2094 1072 2156 ses
1087 2096 1245 2155 terrestris
1259 2095 1399 2155 bestiast.

401 2202 461 2260 He,
484 2186 597 2261 Multis
611 2199 780 2261 holeribus.

400 2306 458 2365 Er.
670 2304 960 2387 [Goodnntnredly]
977 2303 1092 2368 Cdrato
1107 2306 1247 2381 aegrotes
1262 2305 1356 2365 domi.
1373 2319 1417 2365 190

482 2409 647 2487 Numquid
660 2410 736 2471 uis?

400 2518 460 2575 He.
577 2515 694 2577 Venias
708 2515 850 2593 temperi.

400 2623 458 2680 Er.
612 2622 783 2681 Memorem
797 2639 905 2682 mones
922 2620 998 2700 [exit
1011 2641 1050 2680 on
1064 2623 1110 2682 the
1124 2622 1292 2697 spectators'
1307 2624 1413 2704 riqht}

401 2728 461 2786 He.
486 2725 545 2786 Ibo
559 2724 643 2785 intro
657 2731 752 2803 atque
765 2725 852 2787 intus
867 2725 1036 2786 subducam
1052 2725 1270 2801 ratiunculam,

483 2830 680 2902 Qrmntsslum
693 2831 815 2908 argenti
829 2831 875 2891 mi
889 2832 973 2910 dpud
986 2832 1186 2910 trapessitam
1202 2832 1270 2892 siet.

360 2955 386 2995 er
483 2934 537 2995 Ad
556 2936 698 3011 fratrem,
720 2935 848 3014 quoire
869 2936 1020 3012 dixeram,
1043 2955 1116 2996 mox
1136 2935 1223 2996 iuero
1246 2936 1330 3016 [qoes
1352 2942 1415 2999 into

563 3042 612 3100 Iris
624 3042 741 3125 deuse}

1394 2498 1403 2560 ,ι
1436 2537 1439 2544 .
