3542 4784
781 555 939 606 CAPTIVI.

777 788 898 853 Sonus
916 788 946 853 5.

340 936 477 999 Tyndarus
493 935 588 986 sumere
605 936 650 985 the
668 948 865 997 consequences
880 933 909 984 oi
926 935 968 985 his
984 934 1109 998 trickeiy.
1120 934 1217 986 -The
1235 936 1320 986 music
1338 936 1387 985 hae

383 1019 489 1079 caused,
504 1018 558 1069 and
570 1019 616 1068 the
627 1016 750 1081 dialogne
763 1017 785 1068 is
796 1016 900 1068 carried
911 1031 946 1067 on
958 1017 1124 1082 throughout
1135 1018 1180 1069 the
1191 1032 1270 1069 scene
1281 1019 1310 1068 in
1322 1018 1387 1068 iam-

384 1101 428 1152 bic
439 1104 550 1153 66666νί6
588 1101 637 1151 See
650 1099 753 1150 Introd.
767 1100 801 1149 40
812 1098 866 1149 aud
879 1099 918 1150 70.

486 1243 588 1292 Hucio.
625 1243 756 1297 Ionian.
792 1241 954 1291 Tenuisve.
991 1241 1229 1293 Amanomonnns.

367 1405 379 1420 ,,
426 1349 542 1429 [Hegio
557 1352 714 1409 addresses
728 1350 775 1408 666
789 1350 899 1409 locarit
913 1351 977 1409 who
992 1351 1066 1410 loce
1075 1354 1141 1427 just
1151 1351 1293 1431 entered]

346 1453 367 1522 π’
381 1473 443 1532 He.
466 1470 580 1530 Inicite
593 1471 668 1530 huic
683 1470 820 1531 manicas
835 1472 853 1541 †
869 1470 1041 1547 mastigiae.

354 1549 376 1572 ἱ
387 1580 440 1653 Ty.
467 1576 548 1648 Quid
562 1575 621 1635 hoc
636 1576 684 1635 666
697 1576 831 1653 negoti?
854 1575 930 1653 quid
944 1595 1000 1652 ego
1015 1576 1158 1654 deliqui?

381 1684 442 1742 He.
1186 1683 1315 1759 Rogas?
1343 1694 1387 1740 666

466 1787 556 1847 Sator
571 1792 733 1865 sartorque
748 1786 900 1847 scelerum
916 1793 947 1847 et
961 1806 1079 1849 messor
1094 1789 1247 1848 maxume.

386 1895 440 1968 Ty.
466 1892 497 1951 N
499 1912 539 1952 on
552 1893 724 1952 occatorem
740 1890 842 1952 dicere
857 1892 992 1953 audebas
1007 1892 1122 1971 prius?

352 2017 368 2057 6
466 1998 549 2057 Nam
564 1996 686 2075 semper
700 1996 909 2075 occant-prius
924 2016 1018 2076 quam
1033 1998 1155 2059 sariunt
1169 1997 1286 2059 rustici.

381 2106 442 2164 He.
467 2104 510 2162 At
523 2101 559 2162 1'1t
573 2102 765 2162 confidenter
779 2102 858 2162 mihi
873 2110 983 2164 contra
997 2103 1109 2164 astitit.

387 2210 441 2285 Ty.
468 2208 564 2267 Decet
578 2206 777 2267 innocentem
791 2209 913 2269 se'ruom
932 2206 937 2289 Ι
955 2215 1049 2288 atque
1064 2209 1227 2269 innoxium
1342 2223 1386 2269 666

465 2312 686 2374 Confidentem
701 2332 777 2388 esse,
794 2333 882 2374 suom
897 2314 980 2391 apud
996 2334 1082 2374 erum
1097 2314 1313 2391 potissumum.

383 2419 442 2479 He.
465 2417 664 2493 Adstringite
679 2418 734 2478 isti
749 2416 841 2479 sultis
855 2418 1059 2479 uehementer
1073 2439 1192 2480 manus.

340 2542 368 2583 1o
387 2526 440 2600 116.
468 2524 551 2583 Tuos
565 2542 651 2584 sum:
671 2529 707 2582 tu
717 2523 775 2583 has
789 2523 917 2600 quidem
930 2524 1068 2603 [holding
1082 2534 1132 2583 out
1146 2527 1194 2584 leis
1208 2526 1321 2606 tando]
1335 2527 1384 2585 uel

545 2626 684 2705 praecidi
700 2628 779 2688 iube.

466 2733 527 2794 Sed
541 2732 619 2821 qnid
632 2732 795 2808 negotist?
808 2753 911 2811 'quam
926 2736 965 2795 cb
979 2754 1045 2795 rem
1060 2736 1221 2796 suscenses
1236 2735 1341 2795 mihi?

382 2840 443 2900 He.
456 2840 545 2914 ⁴Quia
558 2839 608 2898 me
622 2857 785 2917 meamque
799 2840 874 2915 rem,
891 2841 974 2917 quod
988 2840 1021 2900 in
1036 2846 1068 2900 te
1082 2842 1144 2901 un6
1159 2840 1231 2916 fuit,
1342 2855 1386 2902 676

465 2943 541 3004 Tuis
556 2943 696 3004 scelestis
711 2943 867 3005 falsidicis
881 2944 1019 3006 fallaciis

465 3048 693 3110 Delacerauisti
707 3049 1074 3129 deartnauistiqueupes,

464 3153 637 3215 Coniecisti
652 3154 754 3215 omnis
769 3155 818 3215 res
833 3173 869 3215 ac
884 3155 1022 3217 rationes
1036 3175 1129 3217 meas.

465 3260 518 3319 Ita
530 3260 573 3318 mi
588 3260 732 3320 exemisti
746 3259 958 3321 Philocratem
973 3261 1116 3323 fallaciis.

466 3364 559 3424 Illum
576 3365 644 3425 6666
658 3384 780 3426 sernum
794 3366 922 3441 credidi,
937 3371 970 3425 66
984 3365 1133 3427 liliorum:
1342 3379 1386 3428 676

465 3469 519 3529 Ita
531 3470 654 3530 uosmet
667 3469 801 3530 aiebatis
816 3470 922 3547 itaque
936 3471 1063 3532 nomina

465 3574 554 3634 Inter
567 3594 623 3635 uos
638 3576 852 3653 permutastis.

389 3683 441 3759 Ty.
892 3683 1006 3742 Fateor
1020 3682 1124 3742 omnia

345 3805 373 3847 ao
464 3787 562 3847 Facta
576 3786 643 3847 esse
657 3786 703 3847 ita
716 3793 753 3847 ut
766 3792 802 3846 tu
816 3787 894 3848 dicis
910 3794 941 3847 et
955 3787 1091 3848 fallaciis

465 3890 578 3952 Abisse
593 3910 664 3951 eum
679 3893 733 3952 abs
749 3898 780 3952 te
795 3894 864 3953 mea
878 3912 972 3971 opera
986 3899 1080 3971 atque
1096 3892 1230 3954 astutia:

465 3996 531 4086 Am
541 3997 667 4057 obsecro
681 3997 785 4057 hercle
800 4003 839 4074 te,
855 3998 889 4057 id
903 4017 984 4058 nunc
1000 4000 1161 4060 suscenses
1175 3999 1281 4079 mihi?
1340 4009 1385 4055 666
