3542 4784
344 538 515 605 usses]
782 537 941 588 cmm.
1348 524 1389 590 23

389 715 440 790 Ty.
465 711 557 772 Feeis
568 711 615 771 ita
628 716 663 770 ut
675 716 706 771 te
717 710 820 771 fecere
831 715 971 788 oportet:
993 708 1076 771 mine
1090 708 1229 771 animum
1241 709 1388 770 aduertes

545 817 625 876 nolu.

466 907 617 983 Omnium
631 919 767 1000 primum
783 920 916 981 salutem
931 919 1028 981 dieite
1042 920 1136 981 metri
1151 921 1182 981 et
1196 920 1279 999 patri

343 1048 368 1088 ee
463 1010 509 1087 Et
517 1027 658 1103 cognatis
667 1027 700 1086 et
711 1026 831 1104 siquem
842 1024 940 1087 alium
949 1026 1185 1087 beneuolentem
1195 1025 1327 1087 uideris:
1345 1039 1388 1086 390
1439 1046 1443 1052 ’

464 1134 518 1193 Me
532 1131 584 1192 hie
605 1131 710 1192 ualere
724 1137 756 1192 et
770 1131 955 1193 seruitutem
978 1131 1095 1193 seruire
1109 1132 1183 1192 huie
1202 1132 1323 1192 homini
1337 1134 1388 1211 <ip

544 1242 641 1313 tumo,

464 1343 526 1414 Qui
539 1361 589 1403 me
603 1342 719 1403 honore
733 1342 944 1404 honestiorem
959 1344 1080 1422 semper
1094 1343 1172 1404 feeit
1187 1344 1218 1404 et
1233 1341 1318 1403 feeit.

382 1452 441 1509 Pk.
465 1432 553 1509 istuc
566 1466 606 1508 ne
620 1447 810 1527 praecipias:
833 1447 928 1509 facile
942 1448 1092 1509 memoria
1106 1448 1235 1509 memini
1250 1454 1361 1508 temen.

387 1557 440 1633 Ty.
463 1555 548 1616 Nem
568 1553 696 1631 quidem
710 1553 773 1614 nisi
787 1554 871 1631 quod
893 1551 1052 1615 custodem
1069 1554 1168 1615 habeo
1190 1554 1322 1616 liberum
1337 1574 1387 1614 me

545 1677 613 1721 esse
627 1659 770 1719 erbitror.

341 1786 366 1826 ss
464 1764 570 1826 Dicito
584 1764 669 1844 patri
682 1745 744 1843 que
758 1769 850 1843 paeto
863 1764 942 1824 mihi
957 1784 1028 1826 eum
1041 1765 1100 1827 hoe
1115 1766 1296 1827 conuenerit
1344 1779 1387 1824 395

464 1873 513 1931 De
526 1870 621 1932 huius
635 1870 709 1931 filie.

382 1979 440 2037 Pk.
753 1975 838 2047 Quum
852 1975 982 2035 memini
996 1977 1083 2038 m6ra
1092 1984 1210 2038 merest
1224 1977 1385 2037 monerier.

387 2085 441 2160 Ty.
464 2056 510 2144 <ry
530 2100 601 2142 eum
620 2082 755 2143 redimat
775 2081 807 2141 et
826 2080 968 2142 remittet
988 2082 1130 2143 nestrum
1145 2082 1205 2142 hue
1227 2081 1385 2142 amborum

544 2187 653 2247 uicem.

382 2296 440 2355 Ph.
464 2292 646 2353 Meminero.

383 2402 442 2460 He.
585 2398 630 2459 At
646 2416 740 2476 quam
755 2396 891 2477 primum
904 2398 1040 2478 poteris:
1063 2397 1145 2460 istuc
1159 2399 1193 2458 in
1207 2400 1297 2471 remi
1313 2400 1388 2460 ueri·

664 2509 757 2582 quest
769 2521 922 2565 maxume.

383 2612 440 2671 Ph.
463 2610 537 2671 Neu
558 2616 645 2671 tuom
661 2615 697 2670 tu
716 2609 817 2687 megis
838 2609 945 2671 uidere
965 2628 1059 2687 quam
1073 2609 1128 2671 ille
1147 2630 1235 2672 suom
1256 2609 1385 2688 gnatum

544 2715 639 2794 eupit.

343 2840 368 2879 ιο
383 2823 441 2882 He.
464 2821 555 2881 Meus
569 2820 658 2896 mihi,
673 2838 746 2881 suos
761 2819 929 2900 quoiquest
944 2839 1042 2889 carue.

384 2929 440 2986 Ph.
604 2925 667 3005 [To
685 2928 861 3009 Tyndamee]
877 2925 964 2987 Num
979 2926 1056 3004 quid
1071 2926 1158 2987 aliud
1171 2926 1221 2987 uis
1235 2927 1319 3005 patri
1341 2942 1386 2988 400

463 3029 638 3091 uineas?
1428 3009 1432 3014 ’

388 3139 439 3214 Ty.
583 3137 637 3196 Me
660 3135 712 3196 hie
735 3135 841 3198 ualere
864 3143 952 3198 et-
966 3136 1075 3217 [aeide²
1097 3149 1126 3199 to
1150 3141 1292 3221 himself]
1316 3139 1384 3201 uite

663 3242 810 3302 audacter
824 3241 931 3318 dicito,

463 3346 749 3429 Tyndaro—inter
761 3348 816 3409 n6s
827 3348 928 3409 fuisse
940 3348 1065 3425 ingenio
1077 3349 1162 3409 haud
1173 3348 1384 3427 discerdebili,

463 3453 574 3531 Neque
588 3457 620 3513 te
631 3450 851 3514 commeruisse
866 3454 991 3532 eulpam
1005 3454 1106 3532 neque
1121 3474 1169 3514 me
1184 3453 1386 3517 aduersatim

542 3557 603 3619 tibi

464 3663 611 3741 Beneque
641 3682 693 3723 ero
721 3662 855 3740 gessisse
886 3683 1003 3725 morem
1035 3664 1069 3724 in
1096 3666 1195 3727 tentis
1226 3665 1384 3728 aerumnis

543 3774 658 3845 tamen,

342 3891 369 3932 u
463 3873 575 3952 Neque
585 3874 656 3934 med
670 3891 817 3951 umquam
829 3874 1005 3936 deseruisse
1018 3875 1051 3936 te
1065 3892 1165 3953 neque
1175 3875 1270 3937 saetis
1284 3876 1386 3953 neque

544 3979 607 4040 fide
1184 4030 1188 4040 ,
1342 3993 1387 4040 405
