3542 4784
360 546 410 597 111.
422 548 446 597 4.
460 544 556 609 aaa]
808 542 968 591 cmm.
1372 542 1413 600 ai

492 716 665 793 Prdpterea
677 714 718 774 ad
732 719 854 793 patrem
867 712 943 773 hine
956 712 1049 773 amisi
1062 712 1254 795 Tyndarum.

412 823 469 883 Ar.
1139 817 1223 888 Quin
1236 815 1305 878 tlite
1318 818 1346 879 is
1359 836 1411 880 es:

493 927 605 1004 Neque
626 931 749 1003 praeter
770 931 803 984 te
824 924 859 983 in
871 903 967 983 illido
983 922 1069 984 ullus
1090 924 1197 983 seruos
1219 924 1297 983 istoc
1318 925 1414 984 nemi·

573 1038 652 1090 nest.
1369 1043 1414 1088 aee

418 1140 469 1214 Py.
494 1136 612 1212 Pe'rgin
626 1154 747 1195 seruum
761 1152 812 1195 me
822 1134 1009 1213 exprobrare
1022 1151 1101 1209 esse,
1111 1133 1147 1195 id
1159 1133 1243 1212 quod
1256 1135 1290 1193 ui
1303 1134 1412 1195 hostili

573 1240 714 1319 dptigit?

373 1366 400 1406 ee
412 1347 469 1408 Ar.
493 1326 587 1406 Nalm
600 1348 699 1419 uer0†
715 1346 777 1406 iam
791 1363 913 1422 nequeo
926 1344 1089 1405 edutineri.

417 1455 469 1528 Ty.
620 1450 684 1530 [Το
698 1450 809 1531 Hepio]
825 1450 916 1510 Heus
927 1447 1022 1510 audin
1034 1450 1112 1528 quid
1126 1451 1197 1510 ait?
1212 1451 1289 1528 quin
1301 1452 1411 1527 fugis?

494 1558 563 1617 Iam
578 1556 644 1616 illia
658 1556 710 1616 hic
720 1575 777 1617 nos
788 1555 956 1617 insectabit
965 1556 1132 1635 lapidibus,
1142 1557 1204 1617 uisi
1214 1556 1313 1617 illunc
1325 1558 1412 1617 iubes

494 1662 721 1740 Cdnprehendi.

411 1771 469 1829 Ar.
723 1766 859 1829 Crdeior.

417 1877 470 1951 Ty.
744 1873 868 1933 Ardent
881 1872 981 1933 deuli:
1003 1871 1041 1932 fit
1055 1892 1143 1952 opus,
1158 1874 1272 1949 Hegio.
1370 1889 1413 1933 eei

494 1978 597 2040 Viden
610 1985 646 2039 tu
659 1977 709 2037 illi
723 1978 873 2038 maculari
886 1997 1000 2056 corpus
1014 1980 1114 2038 tetum
1129 1980 1260 2039 maculis
1276 1977 1413 2039 luridis?

494 2064 575 2144 isra
586 2083 661 2144 mu
675 2083 776 2161 agitat
789 2083 955 2143 hommem

413 2191 470 2251 Ar.
902 2190 947 2248 At
960 2189 1012 2267 pel
1026 2197 1068 2264 te,
1083 2190 1110 2249 si
1126 2189 1177 2250 hie
1192 2192 1294 2268 sapiat
1309 2210 1413 2265 senex,

375 2315 402 2355 es
495 2294 556 2355 Pix
580 2301 650 2356 atra
670 2296 769 2372 agitet
790 2295 876 2374 apud
897 2295 1085 2356 carnuficem
1107 2298 1224 2374 tueque
1246 2298 1342 2375 capiti
1371 2299 1414 2357 iu-

575 2399 686 2462 liceat.

419 2510 471 2584 Py.
497 2507 565 2567 Iam
582 2506 789 2567 deliramenta
809 2506 964 2583 loquitur:
986 2506 1092 2567 laruae
1114 2507 1279 2567 stimulant
1302 2510 1412 2568 uirum.

415 2615 473 2674 He.
496 2611 612 2672 Hercle
626 2612 703 2689 quid
717 2612 746 2672 si
760 2610 842 2671 hune
856 2611 1067 2690 cdnprehendi
1082 2610 1253 2672 iusserim?

419 2722 471 2796 lp.
1179 2719 1288 2796 Sapiais
1305 2721 1413 2796 magis.

415 2825 470 2885 Ar.
494 2820 622 2885 Crueior
635 2822 773 2901 lapidem
787 2822 849 2882 ndu
863 2822 978 2882 habere
992 2811 1051 2897 md,
1062 2828 1099 2882 ut
1112 2822 1161 2883 illi
1176 2824 1339 2899 mastigiae
1372 2839 1417 2883 600

496 2928 664 2989 cerebrum
685 2926 852 3002 excutiam,
866 2927 923 3005 qui
943 2946 993 2987 me
1010 2928 1153 2988 insanum
1172 2928 1277 2989 uerbis
1295 2931 1417 2989 concin-

574 3034 631 3093 nat
645 3032 718 3093 suis.

380 3142 472 3216 te-lls.
498 3137 605 3199 Audin
619 3137 757 3217 lapidem
771 3138 976 3216 quaeritare?

416 3245 472 3306 Ar.
1016 3243 1107 3305 selus
1122 3250 1154 3304 te
1169 3242 1270 3305 solium
1285 3244 1365 3318 uolo,

496 3349 609 3425 Hegio.

418 3455 475 3515 He.
557 3454 658 3515 Istinc
671 3453 807 3532 ldquere‚
823 3454 929 3531 siquid
947 3452 1013 3514 uis:
1036 3454 1143 3532 procul
1157 3459 1265 3513 tamen
1282 3454 1415 3514 audiam.

422 3561 473 3637 Ty.
499 3560 644 3638 Namque
657 3559 769 3638 edepol
784 3560 811 3620 si
825 3558 947 3619 adbites
962 3559 1101 3637 propius,
1117 3560 1151 3619 6s
1166 3559 1331 3620 denasabit
1344 3558 1405 3619 tibi

497 3664 664 3726 Mdrdieus.

418 3770 473 3830 Ar.
617 3771 729 3849 Neque
743 3770 795 3848 pdl
810 3788 860 3829 me
874 3770 1029 3845 insanum,
1045 3770 1158 3846 Hegio,
1173 3787 1241 3831 esse
1255 3770 1379 3830 creduis

498 3875 609 3953 Neque
619 3876 719 3936 fuisse
729 3876 877 3953 umquam
889 3871 990 3953 neque
1004 3892 1072 3935 esse
1086 3873 1227 3935 merbum
1240 3892 1332 3952 quem
1347 3874 1419 3935 istie

578 3978 727 4041 autumat.
1376 3989 1421 4037 ute
