3542 4784
817 533 955 582 PLAVTI

805 1052 902 1117 ΑΟΤ
933 1052 961 1118 Ι.

797 1246 918 1312 Sanun
941 1246 972 1312 1.

358 1438 414 1488 The
425 1439 542 1502 parasite
554 1438 708 1490 introduces
719 1438 835 1501 himself,
849 1440 1049 1490 commiseratus
1061 1439 1147 1504 Hegio
1158 1454 1233 1504 upon
1245 1440 1292 1491 the
1305 1439 1412 1493 latter’s

400 1521 559 1571 misiortune
569 1522 599 1570 in
610 1521 697 1585 lesing
709 1521 752 1572 his
766 1536 825 1584 son,
839 1522 894 1572 and
908 1522 1058 1585 speculates
1073 1524 1157 1574 about
1170 1523 1216 1573 the
1231 1522 1311 1574 effect
1324 1524 1346 1573 it
1357 1522 1412 1574 will

398 1604 466 1654 have
478 1618 551 1667 upon
562 1604 605 1653 his
616 1618 676 1654 own
688 1606 934 1667 prospecta—The
948 1605 1033 1656 whole
1045 1605 1074 1656 of
1085 1607 1131 1656 the
1143 1604 1203 1656 first
1214 1611 1258 1657 act
1269 1606 1292 1656 is
1303 1606 1411 1656 written

399 1688 427 1736 in
442 1687 540 1738 iambic
555 1691 665 1739 senoni.
702 1688 756 1738 For
770 1689 815 1738 the
832 1689 1064 1752 appropriateness
1080 1689 1108 1739 oi
1123 1689 1178 1740 this
1192 1702 1268 1740 verse
1283 1690 1313 1740 in
1329 1690 1412 1740 intro-

399 1768 498 1833 ducing
509 1769 555 1820 the
567 1768 696 1821 audiente
708 1776 736 1821 to
749 1771 794 1820 the
805 1770 914 1835 general
926 1771 1064 1833 situation,
1078 1785 1122 1822 see
1134 1772 1236 1824 Introd.
1248 1772 1290 1824 42.

800 1935 966 1985 Euoasmvs.

450 2049 628 2129 [Erqosilue
641 2059 738 2110 enters
750 2053 835 2126 from
849 2052 897 2110 tite
911 2054 1000 2128 cipiet,
1015 2053 1139 2129 hanam,
1154 2070 1191 2111 oa
1203 2052 1320 2134 aeaut]

397 2181 453 2240 Er.
477 2181 631 2241 quentus
645 2200 756 2240 nomen
772 2181 890 2241 indidit
905 2181 1012 2241 Scorto
1026 2181 1115 2257 mihi,
1313 2248 1314 2251 Ἴ

476 2287 524 2346 Eo
537 2285 612 2364 quia
624 2291 787 2347 inuocatus
802 2287 887 2347 sdleo
901 2306 969 2348 esse
983 2287 1015 2346 in
1031 2286 1184 2348 conuiuio.
1383 2303 1411 2351 'to

478 2391 548 2451 Scio
562 2390 695 2453 absiude
709 2392 828 2452 dictum
842 2393 901 2452 hoc
917 2393 1070 2453 derisores
1084 2391 1196 2469 dicere,

477 2498 522 2557 At
536 2515 593 2573 ego
608 2498 658 2558 aio
672 2503 772 2558 recte:
794 2498 867 2557 nam
882 2505 1016 2559 scortum
1032 2498 1066 2557 in
1080 2498 1226 2559 conuiuio

477 2602 544 2662 Sibi
558 2604 678 2663 amator
691 2601 772 2664 talos
787 2604 880 2681 quom
895 2603 1019 2663 iacit—
1028 2610 1163 2665 scortum
1179 2603 1313 2665 inuocat

477 2709 575 2767 Estne
590 2708 770 2769 inuocatum
785 2727 826 2768 au
839 2708 951 2781 non?†
973 2709 1174 2787 planissume.

477 2814 593 2874 Verum
606 2813 711 2873 hercle
726 2832 799 2874 uero
813 2815 870 2874 nos
885 2814 1017 2891 parasiti
1031 2795 1166 2892 planius,
1382 2828 1411 2874 ts

476 2918 560 2989 Quos
574 2918 744 2996 nimquam
759 2919 925 2997 quisquam
940 2919 1041 2997 neque
1054 2926 1147 2979 uocat
1160 2937 1261 2997 neque
1275 2918 1409 2980 inuocat.

476 3023 572 3094 Quasi
587 3022 690 3084 mitres
705 3043 827 3103 semper
841 3024 964 3085 edimus
979 3023 1115 3085 alienirm
1130 3025 1242 3085 cibum.

476 3129 538 3190 Vbi
552 3129 601 3189 res
616 3129 756 3207 prolatae
771 3128 853 3207 siunt,
869 3148 1031 3218 quomens
1046 3130 1188 3191 homines
1203 3135 1287 3205 eunt,

477 3231 577 3295 Simril
591 3234 731 3312 prolatae
746 3235 795 3295 res
809 3241 883 3296 sunt
897 3234 1013 3295 nostris
1028 3236 1182 3295 dentibus.

476 3339 572 3410 Quasi
587 3341 680 3416 quom
695 3340 815 3400 caietur
828 3340 949 3400 cocleae
964 3340 1132 3401 inocculto
1147 3340 1256 3416 latent,
1382 3353 1413 3400 ao
1447 3392 1452 3399 .

478 3445 539 3505 Sud
554 3444 616 3505 sibi
630 3463 703 3505 suco
717 3444 837 3521 uiuent,
852 3465 903 3506 ros
919 3444 946 3506 si
960 3446 1022 3505 ndu
1037 3445 1131 3522 cadit,

477 3550 559 3609 Item
573 3550 706 3627 parasiti
720 3550 810 3611 rebus
825 3550 958 3629 prolatis
971 3551 1073 3610 latent

476 3654 516 3713 In
530 3653 652 3715 occilto
666 3655 782 3730 miseri,
797 3654 946 3716 uictitant
961 3656 1033 3716 sucd
1048 3674 1113 3731 suo,

476 3760 560 3818 Dum
575 3759 640 3819 uiri
654 3767 764 3820 rurant
777 3760 919 3822 homines
935 3780 1012 3839 quos
1027 3759 1203 3838 ligiuriant.

475 3865 613 3926 Prolatis
628 3866 719 3926 rebus
733 3865 865 3944 parasiti
879 3866 1018 3927 uenatici

478 3968 607 4030 Sumirs:
630 3972 756 4048 quaudo
770 3990 819 4031 res
834 3970 1002 4049 redierunt,
1018 3970 1176 4033 molissici
