3542 4784
848 564 985 615 rnnvm
1251 564 1310 631 [Ν.
1323 564 1346 616 a.
1361 564 1441 616 17-39

519 707 652 795 imerus
668 734 765 795 aries:
788 734 856 795 tinn
873 754 954 811 genu
973 737 1013 796 ad
1030 755 1185 815 quemque
1199 737 1307 812 iecere,
1322 737 1363 797 ad
1381 741 1440 796 ter-

599 839 665 898 rem
680 839 769 900 dabo,

518 943 701 1020 Dentilegos
723 946 830 1006 omnes
851 946 997 1006 mortales
1023 946 1147 1022 seciam,
1171 964 1325 1025 quemque
1346 946 1441 1006 offen-

599 1050 679 1110 dero.

439 1157 496 1215 He.
520 1154 649 1237 [Aside]
665 1156 750 1227 Quae
770 1155 862 1216 illaec
877 1156 1058 1217 eminatiost
1077 1160 1176 1217 nam?
1198 1158 1319 1235 nequeo
1332 1156 1442 1217 mirari

609 1261 695 1322 satis.

401 1382 426 1423 so
438 1367 494 1425 Er.
519 1366 654 1441 Feciam,
668 1371 705 1426 ut
726 1367 821 1426 huius
839 1366 903 1427 diei
920 1366 1041 1445 locique
1056 1367 1180 1445 meique
1200 1386 1322 1445 semper
1335 1368 1442 1428 memi-

598 1471 697 1531 nerit:
1118 1469 1121 1474 ’
1398 1486 1445 1532 800

518 1575 579 1647 Qui
599 1576 678 1635 mihi
697 1583 733 1635 ln
749 1595 851 1652 cursu,
866 1576 1026 1656 opstiterit
1045 1577 1120 1637 faxo
1134 1576 1219 1638 uitae
1237 1578 1264 1638 is
1282 1579 1441 1657 extemple

599 1700 681 1742 suae.

430 1763 496 1872 {He
522 1785 649 1869 [Aside]
666 1786 748 1858 Quid
769 1787 821 1847 hic
835 1787 929 1847 homo
942 1792 1066 1847 tantum
1080 1787 1239 1866 incipissit
1252 1788 1355 1849 fecere
1370 1807 1441 1849 cum

435 1878 448 1906 χ
588 1891 687 1952 tantis
702 1892 824 1953 minis?

371 2077 374 2082 Ι
438 1998 493 2055 Er.
518 1995 610 2057 Prius
624 1996 721 2072 edico,
737 1997 848 2075 nequis
863 2002 992 2075 propter
1007 1996 1131 2076 cdlpam
1146 1997 1288 2076 capiatdr
1303 2018 1401 2075 suam,

519 2101 684 2162 Centinete
699 2103 754 2161 ues
769 2102 863 2177 domi,
878 2102 1042 2180 prohibete
1057 2122 1076 2163 a
1089 2103 1178 2163 uobis
1193 2102 1259 2162 uim
1273 2122 1382 2164 meam.

400 2224 426 2263 ss
438 2193 648 2287 HeilAsc'de]
668 2206 751 2267 Mira
764 2208 874 2285 edepol
895 2213 969 2267 sunt
982 2207 1017 2267 ni
1036 2208 1088 2268 hic
1101 2215 1136 2267 ln
1150 2214 1292 2268 uentrem
1306 2207 1442 2288 srimpsit

587 2312 814 2372 confidentiam.
1398 2327 1442 2373 805

494 2417 584 2508 yae
598 2417 711 2477 misero
725 2417 783 2492 un,
800 2417 911 2494 quoius
926 2417 994 2478 cuo
1008 2418 1069 2478 iste
1084 2418 1203 2479 scotusc
1216 2386 1429 2497 imperiosior!
1451 2387 1507 2466 's

437 2524 493 2582 Er.
517 2520 597 2581 Tiun
612 2523 746 2600 pistores
762 2522 940 2600 sorefipasoi
954 2506 1011 2600 qul'
1030 2524 1120 2583 alunt
1134 2522 1310 2585 furfuribds
1325 2542 1406 2601 sues,

517 2628 654 2697 Querum
669 2627 762 2687 odore
777 2627 947 2705 praeterire
962 2628 1053 2688 nemo
1067 2627 1237 2706 pistrindm
1251 2634 1371 2707 potest:

517 2734 633 2792 Eerum
648 2732 676 2793 si
691 2731 897 2810 quoiusquam
908 2734 1042 2793 scrofam
1055 2733 1087 2792 in
1104 2732 1229 2812 pdblico
1239 2734 1439 2812 conspexero,

399 2856 425 2895 co
517 2821 568 2896 Ex
582 2838 659 2915 ipsis
675 2837 810 2898 dominis
826 2838 903 2898 meis
919 2839 1032 2916 pugnis
1048 2838 1215 2899 exculcabo
1230 2837 1379 2900 furfures.
1396 2852 1441 2898 810

438 2944 495 3002 He.
520 2941 647 3024 [Aside]
664 2943 816 3003 Basilicas
832 2938 1003 3003 edictiones
1018 2944 1112 3020 atque
1131 2943 1315 3022 imperiosas
1334 2943 1438 3005 habet.

518 3048 611 3108 Satur
639 3048 771 3122 homost,
795 3047 892 3108 habet
919 3048 1060 3126 proiecto
1087 3048 1121 3107 in
1148 3048 1259 3108 uentre
1286 3048 1440 3109 confiden-

598 3153 684 3213 tiam.

437 3261 493 3319 Er.
517 3257 597 3317 Tim
611 3258 781 3336 piscatores
796 3258 850 3335 qui
864 3259 1015 3336 praebent
1029 3258 1145 3336 pepulo
1159 3259 1261 3337 pisces
1275 3259 1421 3336 foetidos,

518 3363 578 3433 Qui
593 3363 791 3423 eduehuntur
806 3363 1058 3442 quadrupedanti
1073 3362 1226 3424 crdcianti
1241 3364 1411 3440 cantherio,

399 3486 425 3525 cs
518 3469 655 3539 Querum
669 3468 744 3529 odos
759 3468 1006 3529 subbaisilicanos
1021 3470 1127 3529 emnes
1143 3468 1243 3545 abigit
1258 3468 1290 3528 in
1304 3470 1425 3529 forum:

516 3572 573 3633 Eis
588 3592 644 3650 ego
659 3592 713 3633 ora
727 3574 897 3634 uerberabo
912 3572 1079 3651 sdrpiculis
1094 3573 1247 3651 pisceriis,
1396 3588 1441 3634 816

516 3662 561 3738 Et
576 3679 677 3739 sciant
693 3678 795 3739 alieno
809 3698 885 3739 naso
900 3697 992 3757 quam
1009 3679 1177 3739 exhibeant
1191 3678 1377 3740 molestiam.

517 3782 598 3843 Trim
613 3783 690 3843 lanii
705 3790 809 3843 autem
824 3783 879 3861 qui
893 3785 1080 3843 concinnant
1094 3783 1202 3844 hberis
1217 3785 1307 3845 orbes
1322 3803 1405 3860 oues,

517 3887 578 3959 Qui
610 3888 714 3948 locant
746 3887 923 3948 caedundos
952 3907 1048 3964 agnos
1076 3888 1108 3947 et
1136 3889 1265 3966 duplam
1292 3888 1441 3965 agninem

597 3994 727 4065 danunt,
