<?xml version="1.0" encoding="UTF-8"?>
<!DOCTYPE html PUBLIC "-//W3C//DTD XHTML 1.0 Transitional//EN"
    "http://www.w3.org/TR/xhtml1/DTD/xhtml1-transitional.dtd">
<html xmlns="http://www.w3.org/1999/xhtml" xml:lang="en" lang="en">
 <head>
  <title>
</title>
<meta http-equiv="Content-Type" content="text/html;charset=utf-8" />
  <meta name='ocr-system' content='tesseract 3.04.00' />
  <meta name='ocr-capabilities' content='ocr_page ocr_carea ocr_par ocr_line ocrx_word'/>
</head>
<body>
  <div class='ocr_page' id='page_1' title='image "./tmacciplavticap00plaugoog_0071.png"; bbox 0 0 3542 4784; ppageno 0'>
   <div class='ocr_carea' id='block_1_1' title="bbox 342 553 957 619">
    <p class='ocr_par' dir='ltr' id='par_1_1' title="bbox 342 553 957 619">
     <span class='ocr_line' id='line_1_1' title="bbox 342 553 957 619; baseline -0.007 -13"><span class='ocrx_word' id='word_1_1' title='bbox 342 555 406 606; x_wconf 80' lang='lat' dir='ltr'>nr.</span> <span class='ocrx_word' id='word_1_2' title='bbox 420 554 513 619; x_wconf 79' lang='lat'>19-41]</span> <span class='ocrx_word' id='word_1_3' title='bbox 799 553 957 603; x_wconf 76' lang='lat' dir='ltr'>onrmvn</span> 
     </span>
    </p>
   </div>
   <div class='ocr_carea' id='block_1_2' title="bbox 342 723 1404 2382">
    <p class='ocr_par' dir='ltr' id='par_1_2' title="bbox 342 723 1404 2382">
     <span class='ocr_line' id='line_1_2' title="bbox 471 723 1154 802; baseline -0.003 -17"><span class='ocrx_word' id='word_1_4' title='bbox 471 724 670 802; x_wconf 84' lang='lat' dir='ltr'>Odiesioique</span> <span class='ocrx_word' id='word_1_5' title='bbox 685 731 717 785; x_wconf 88' lang='lat' dir='ltr'>et</span> <span class='ocrx_word' id='word_1_6' title='bbox 731 723 865 784; x_wconf 83' lang='lat' dir='ltr'>mriltum</span> <span class='ocrx_word' id='word_1_7' title='bbox 879 723 1154 784; x_wconf 84' lang='lat' dir='ltr'>incommodestiei.</span> 
     </span>
     <span class='ocr_line' id='line_1_3' title="bbox 342 829 1294 908; baseline -0.001 -17"><span class='ocrx_word' id='word_1_8' title='bbox 342 850 371 891; x_wconf 78' lang='lat' dir='ltr'>ao</span> <span class='ocrx_word' id='word_1_9' title='bbox 469 832 512 890; x_wconf 87' lang='lat' dir='ltr'>Et</span> <span class='ocrx_word' id='word_1_10' title='bbox 525 830 577 890; x_wconf 89' lang='lat' dir='ltr'>hio</span> <span class='ocrx_word' id='word_1_11' title='bbox 592 830 718 908; x_wconf 91' lang='lat' dir='ltr'>quidem</span> <span class='ocrx_word' id='word_1_12' title='bbox 733 830 847 904; x_wconf 89' lang='lat' dir='ltr'>herele,</span> <span class='ocrx_word' id='word_1_13' title='bbox 862 829 925 889; x_wconf 88' lang='lat' dir='ltr'>nisi</span> <span class='ocrx_word' id='word_1_14' title='bbox 939 829 994 907; x_wconf 92' lang='lat' dir='ltr'>qui</span> <span class='ocrx_word' id='word_1_15' title='bbox 1008 829 1155 908; x_wconf 82' lang='lat' dir='ltr'>colaphos</span> <span class='ocrx_word' id='word_1_16' title='bbox 1171 829 1294 907; x_wconf 88' lang='lat' dir='ltr'>perpeti</span> 
     </span>
     <span class='ocr_line' id='line_1_4' title="bbox 469 932 1199 1013; baseline -0.001 -18"><span class='ocrx_word' id='word_1_17' title='bbox 469 936 579 995; x_wconf 87' lang='lat' dir='ltr'>Potest</span> <span class='ocrx_word' id='word_1_18' title='bbox 594 935 750 1013; x_wconf 82' lang='lat' dir='ltr'>parasitus</span> <span class='ocrx_word' id='word_1_19' title='bbox 764 934 930 1011; x_wconf 72' lang='lat' dir='ltr'>frringique</span> <span class='ocrx_word' id='word_1_20' title='bbox 945 934 1033 995; x_wconf 88' lang='lat' dir='ltr'>aulas</span> <span class='ocrx_word' id='word_1_21' title='bbox 1047 932 1080 993; x_wconf 88' lang='lat' dir='ltr'>in</span> <span class='ocrx_word' id='word_1_22' title='bbox 1095 940 1199 1012; x_wconf 84' lang='lat' dir='ltr'>eaput,</span> 
     </span>
     <span class='ocr_line' id='line_1_5' title="bbox 469 1039 1404 1117; baseline 0 -16"><span class='ocrx_word' id='word_1_23' title='bbox 469 1040 529 1101; x_wconf 90' lang='lat' dir='ltr'>Vel</span> <span class='ocrx_word' id='word_1_24' title='bbox 542 1048 589 1099; x_wconf 73' lang='lat' dir='ltr'>ire</span> <span class='ocrx_word' id='word_1_25' title='bbox 604 1041 694 1100; x_wconf 83' lang='lat' dir='ltr'>extra</span> <span class='ocrx_word' id='word_1_26' title='bbox 707 1044 829 1117; x_wconf 87' lang='lat' dir='ltr'>portam</span> <span class='ocrx_word' id='word_1_27' title='bbox 843 1039 1043 1116; x_wconf 79' lang='lat' dir='ltr'>trigeminam</span> <span class='ocrx_word' id='word_1_28' title='bbox 1058 1040 1098 1099; x_wconf 89' lang='lat' dir='ltr'>ad</span> <span class='ocrx_word' id='word_1_29' title='bbox 1114 1039 1236 1101; x_wconf 79' lang='lat' dir='ltr'>saeerim</span> <span class='ocrx_word' id='word_1_30' title='bbox 1250 1040 1333 1101; x_wconf 86' lang='lat' dir='ltr'>lieet.</span> <span class='ocrx_word' id='word_1_31' title='bbox 1374 1054 1404 1100; x_wconf 83' lang='lat'>90</span> 
     </span>
     <span class='ocr_line' id='line_1_6' title="bbox 426 1144 1285 1223; baseline 0.001 -18"><span class='ocrx_word' id='word_1_32' title='bbox 426 1160 443 1195; x_wconf 64' lang='grc' dir='ltr'><strong><em>ο</em></strong></span> <span class='ocrx_word' id='word_1_33' title='bbox 469 1146 560 1218; x_wconf 82' lang='lat' dir='ltr'>Quod</span> <span class='ocrx_word' id='word_1_34' title='bbox 573 1144 651 1204; x_wconf 81' lang='lat' dir='ltr'>milri</span> <span class='ocrx_word' id='word_1_35' title='bbox 666 1164 705 1204; x_wconf 90' lang='lat' dir='ltr'>ne</span> <span class='ocrx_word' id='word_1_36' title='bbox 719 1144 845 1205; x_wconf 88' lang='lat' dir='ltr'>eueniat</span> <span class='ocrx_word' id='word_1_37' title='bbox 859 1146 922 1205; x_wconf 86' lang='lat' dir='ltr'>nen</span> <span class='ocrx_word' id='word_1_38' title='bbox 936 1145 1058 1204; x_wconf 92' lang='lat' dir='ltr'>nullum</span> <span class='ocrx_word' id='word_1_39' title='bbox 1073 1144 1285 1223; x_wconf 83' lang='lat' dir='ltr'>perieulumst.</span> 
     </span>
     <span class='ocr_line' id='line_1_7' title="bbox 469 1250 1302 1329; baseline -0.001 -18"><span class='ocrx_word' id='word_1_40' title='bbox 469 1253 553 1311; x_wconf 91' lang='lat' dir='ltr'>Nam</span> <span class='ocrx_word' id='word_1_41' title='bbox 567 1252 733 1329; x_wconf 84' lang='lat' dir='ltr'>pestquam</span> <span class='ocrx_word' id='word_1_42' title='bbox 748 1269 834 1312; x_wconf 88' lang='lat' dir='ltr'>meus</span> <span class='ocrx_word' id='word_1_43' title='bbox 849 1269 904 1310; x_wconf 86' lang='lat' dir='ltr'>rex</span> <span class='ocrx_word' id='word_1_44' title='bbox 919 1252 967 1311; x_wconf 87' lang='lat' dir='ltr'>e‘st</span> <span class='ocrx_word' id='word_1_45' title='bbox 981 1250 1100 1329; x_wconf 87' lang='lat' dir='ltr'>potitus</span> <span class='ocrx_word' id='word_1_46' title='bbox 1115 1250 1251 1311; x_wconf 84' lang='lat' dir='ltr'>hestium</span> <span class='ocrx_word' id='word_1_47' title='bbox 1261 1288 1302 1297; x_wconf 97' lang='lat'><em>-</em></span> 
     </span>
     <span class='ocr_line' id='line_1_8' title="bbox 470 1339 1170 1440; baseline 0.004 -25"><span class='ocrx_word' id='word_1_48' title='bbox 470 1358 523 1417; x_wconf 90' lang='lat' dir='ltr'>Ita</span> <span class='ocrx_word' id='word_1_49' title='bbox 535 1354 618 1416; x_wconf 86' lang='lat' dir='ltr'>mine</span> <span class='ocrx_word' id='word_1_50' title='bbox 632 1355 819 1433; x_wconf 73' lang='lat' dir='ltr'>belligerant</span> <span class='ocrx_word' id='word_1_51' title='bbox 834 1356 939 1415; x_wconf 86' lang='lat' dir='ltr'>Aetoli</span> <span class='ocrx_word' id='word_1_52' title='bbox 954 1376 1024 1416; x_wconf 87' lang='lat' dir='ltr'>oum</span> <span class='ocrx_word' id='word_1_53' title='bbox 1042 1358 1047 1440; x_wconf 85' lang='grc' dir='ltr'>Ι</span> <span class='ocrx_word' id='word_1_54' title='bbox 1065 1339 1170 1418; x_wconf 63' lang='lat' dir='ltr'>eleis:</span> 
     </span>
     <span class='ocr_line' id='line_1_9' title="bbox 468 1460 1403 1546; baseline 0.003 -26"><span class='ocrx_word' id='word_1_55' title='bbox 468 1462 551 1521; x_wconf 89' lang='lat' dir='ltr'>Nam</span> <span class='ocrx_word' id='word_1_56' title='bbox 563 1460 690 1521; x_wconf 80' lang='lat' dir='ltr'>Aetelia</span> <span class='ocrx_word' id='word_1_57' title='bbox 699 1460 775 1521; x_wconf 87' lang='lat' dir='ltr'>haec</span> <span class='ocrx_word' id='word_1_58' title='bbox 787 1468 843 1537; x_wconf 87' lang='lat' dir='ltr'>est,</span> <span class='ocrx_word' id='word_1_59' title='bbox 855 1461 922 1521; x_wconf 88' lang='lat' dir='ltr'>illio</span> <span class='ocrx_word' id='word_1_60' title='bbox 938 1461 952 1541; x_wconf 97' lang='lat'>[</span> <span class='ocrx_word' id='word_1_61' title='bbox 955 1466 1097 1541; x_wconf 69' lang='lat' dir='ltr'>pointing</span> <span class='ocrx_word' id='word_1_62' title='bbox 1107 1473 1136 1523; x_wconf 80' lang='lat' dir='ltr'>to</span> <span class='ocrx_word' id='word_1_63' title='bbox 1148 1466 1195 1523; x_wconf 76' lang='lat' dir='ltr'>the</span> <span class='ocrx_word' id='word_1_64' title='bbox 1205 1466 1257 1541; x_wconf 72' lang='lat' dir='ltr'>lejl</span> <span class='ocrx_word' id='word_1_65' title='bbox 1268 1466 1342 1546; x_wconf 73' lang='lat' dir='ltr'>exit]</span> <span class='ocrx_word' id='word_1_66' title='bbox 1355 1470 1403 1523; x_wconf 88' lang='lat' dir='ltr'>est</span> 
     </span>
     <span class='ocr_line' id='line_1_10' title="bbox 549 1549 822 1645; baseline 0 -19"><span class='ocrx_word' id='word_1_67' title='bbox 549 1572 660 1645; x_wconf 80' lang='lat' dir='ltr'>eaptus</span> <span class='ocrx_word' id='word_1_68' title='bbox 675 1567 708 1625; x_wconf 70' lang='lat' dir='ltr'>sn</span> <span class='ocrx_word' id='word_1_69' title='bbox 723 1549 822 1627; x_wconf 64' lang='lat' dir='ltr'>Aroe</span> 
     </span>
     <span class='ocr_line' id='line_1_11' title="bbox 468 1671 1402 1751; baseline 0.003 -21"><span class='ocrx_word' id='word_1_70' title='bbox 468 1672 705 1749; x_wconf 85' lang='lat' dir='ltr'>Philopelemus</span> <span class='ocrx_word' id='word_1_71' title='bbox 719 1672 814 1733; x_wconf 90' lang='lat' dir='ltr'>huius</span> <span class='ocrx_word' id='word_1_72' title='bbox 827 1671 841 1751; x_wconf 93' lang='lat'>[</span> <span class='ocrx_word' id='word_1_73' title='bbox 845 1676 987 1751; x_wconf 69' lang='lat' dir='ltr'>pointing</span> <span class='ocrx_word' id='word_1_74' title='bbox 1001 1676 1033 1734; x_wconf 75' lang='lat' dir='ltr'>te</span> <span class='ocrx_word' id='word_1_75' title='bbox 1044 1677 1090 1734; x_wconf 79' lang='lat' dir='ltr'>tte</span> <span class='ocrx_word' id='word_1_76' title='bbox 1104 1677 1195 1735; x_wconf 79' lang='lat' dir='ltr'>house</span> <span class='ocrx_word' id='word_1_77' title='bbox 1210 1679 1243 1735; x_wconf 81' lang='lat' dir='ltr'>io</span> <span class='ocrx_word' id='word_1_78' title='bbox 1257 1677 1304 1735; x_wconf 79' lang='lat' dir='ltr'>the</span> <span class='ocrx_word' id='word_1_79' title='bbox 1318 1677 1402 1735; x_wconf 77' lang='lat' dir='ltr'>back·</span> 
     </span>
     <span class='ocr_line' id='line_1_12' title="bbox 547 1777 1402 1859; baseline 0.001 -22"><span class='ocrx_word' id='word_1_80' title='bbox 547 1779 680 1859; x_wconf 76' lang='lat' dir='ltr'>qroaod]</span> <span class='ocrx_word' id='word_1_81' title='bbox 699 1777 853 1853; x_wconf 74' lang='lat' dir='ltr'>Hegionis</span> <span class='ocrx_word' id='word_1_82' title='bbox 868 1777 967 1853; x_wconf 83' lang='lat' dir='ltr'>fssius,</span> <span class='ocrx_word' id='word_1_83' title='bbox 1373 1793 1402 1838; x_wconf 80' lang='lat' dir='ltr'>os</span> 
     </span>
     <span class='ocr_line' id='line_1_13' title="bbox 470 1864 1262 1960; baseline 0.004 -18"><span class='ocrx_word' id='word_1_84' title='bbox 470 1882 561 1943; x_wconf 71' lang='lat' dir='ltr'>senis</span> <span class='ocrx_word' id='word_1_85' title='bbox 575 1882 630 1959; x_wconf 69' lang='lat' dir='ltr'>qur</span> <span class='ocrx_word' id='word_1_86' title='bbox 644 1882 696 1942; x_wconf 71' lang='lat' dir='ltr'>me</span> <span class='ocrx_word' id='word_1_87' title='bbox 709 1864 842 1958; x_wconf 68' lang='lat' dir='ltr'>habitat,</span> <span class='ocrx_word' id='word_1_88' title='bbox 858 1901 938 1960; x_wconf 77' lang='lat' dir='ltr'>quae</span> <span class='ocrx_word' id='word_1_89' title='bbox 952 1884 1044 1945; x_wconf 70' lang='lat' dir='ltr'>aedes</span> <span class='ocrx_word' id='word_1_90' title='bbox 1059 1885 1262 1946; x_wconf 74' lang='lat' dir='ltr'>lamentariae</span> 
     </span>
     <span class='ocr_line' id='line_1_14' title="bbox 469 1986 1371 2068; baseline 0.006 -22"><span class='ocrx_word' id='word_1_91' title='bbox 469 1988 552 2046; x_wconf 85' lang='lat' dir='ltr'>Mihi</span> <span class='ocrx_word' id='word_1_92' title='bbox 567 1986 649 2064; x_wconf 79' lang='lat' dir='ltr'>srint,</span> <span class='ocrx_word' id='word_1_93' title='bbox 665 2007 742 2065; x_wconf 88' lang='lat' dir='ltr'>quas</span> <span class='ocrx_word' id='word_1_94' title='bbox 757 1988 1060 2067; x_wconf 84' lang='lat' dir='ltr'>quotiensquemque</span> <span class='ocrx_word' id='word_1_95' title='bbox 1074 1990 1240 2068; x_wconf 86' lang='lat' dir='ltr'>oonspioie‚</span> <span class='ocrx_word' id='word_1_96' title='bbox 1255 1990 1314 2051; x_wconf 90' lang='lat' dir='ltr'>fleo</span> <span class='ocrx_word' id='word_1_97' title='bbox 1322 2026 1371 2066; x_wconf 91' lang='lat'>-,</span> 
     </span>
     <span class='ocr_line' id='line_1_15' title="bbox 468 2091 1216 2171; baseline 0.003 -20"><span class='ocrx_word' id='word_1_98' title='bbox 468 2093 561 2152; x_wconf 84' lang='lat' dir='ltr'>Nune</span> <span class='ocrx_word' id='word_1_99' title='bbox 575 2091 627 2152; x_wconf 88' lang='lat' dir='ltr'>hie</span> <span class='ocrx_word' id='word_1_100' title='bbox 642 2092 762 2170; x_wconf 83' lang='lat' dir='ltr'>occepit</span> <span class='ocrx_word' id='word_1_101' title='bbox 777 2093 941 2170; x_wconf 85' lang='lat' dir='ltr'>quaestum</span> <span class='ocrx_word' id='word_1_102' title='bbox 955 2094 1039 2154; x_wconf 86' lang='lat' dir='ltr'>huno</span> <span class='ocrx_word' id='word_1_103' title='bbox 1053 2094 1101 2154; x_wconf 90' lang='lat' dir='ltr'>fili</span> <span class='ocrx_word' id='word_1_104' title='bbox 1115 2094 1216 2171; x_wconf 76' lang='lat' dir='ltr'>gretia</span> 
     </span>
     <span class='ocr_line' id='line_1_16' title="bbox 469 2197 1222 2277; baseline 0.005 -22"><span class='ocrx_word' id='word_1_105' title='bbox 469 2198 684 2273; x_wconf 73' lang='lat' dir='ltr'>Inhonestum,</span> <span class='ocrx_word' id='word_1_106' title='bbox 699 2216 844 2258; x_wconf 85' lang='lat' dir='ltr'>maxume</span> <span class='ocrx_word' id='word_1_107' title='bbox 859 2197 996 2259; x_wconf 77' lang='lat' dir='ltr'>elienum</span> <span class='ocrx_word' id='word_1_108' title='bbox 1011 2199 1135 2277; x_wconf 83' lang='lat' dir='ltr'>ingenie</span> <span class='ocrx_word' id='word_1_109' title='bbox 1150 2218 1222 2260; x_wconf 88' lang='lat' dir='ltr'>suo:</span> 
     </span>
     <span class='ocr_line' id='line_1_17' title="bbox 469 2302 1403 2382; baseline 0.002 -20"><span class='ocrx_word' id='word_1_110' title='bbox 469 2302 622 2363; x_wconf 85' lang='lat' dir='ltr'>Homines</span> <span class='ocrx_word' id='word_1_111' title='bbox 636 2302 778 2381; x_wconf 82' lang='lat' dir='ltr'>captiuos</span> <span class='ocrx_word' id='word_1_112' title='bbox 792 2304 1026 2379; x_wconf 83' lang='lat' dir='ltr'>cemmereatur,</span> <span class='ocrx_word' id='word_1_113' title='bbox 1042 2304 1069 2365; x_wconf 90' lang='lat' dir='ltr'>si</span> <span class='ocrx_word' id='word_1_114' title='bbox 1083 2310 1179 2382; x_wconf 85' lang='lat' dir='ltr'>queat</span> <span class='ocrx_word' id='word_1_115' title='bbox 1360 2319 1403 2365; x_wconf 89' lang='lat'>100</span> 
     </span>
    </p>
   </div>
   <div class='ocr_carea' id='block_1_3' title="bbox 468 2406 1347 2802">
    <p class='ocr_par' dir='ltr' id='par_1_3' title="bbox 469 2406 1190 2487">
     <span class='ocr_line' id='line_1_18' title="bbox 469 2406 1190 2487; baseline 0.003 -21"><span class='ocrx_word' id='word_1_116' title='bbox 469 2407 617 2485; x_wconf 81' lang='lat' dir='ltr'>Aliquem</span> <span class='ocrx_word' id='word_1_117' title='bbox 632 2406 774 2467; x_wconf 87' lang='lat' dir='ltr'>inuenire</span> <span class='ocrx_word' id='word_1_118' title='bbox 789 2409 877 2468; x_wconf 84' lang='lat' dir='ltr'>suern</span> <span class='ocrx_word' id='word_1_119' title='bbox 892 2408 947 2487; x_wconf 88' lang='lat' dir='ltr'>qui</span> <span class='ocrx_word' id='word_1_120' title='bbox 962 2415 1062 2470; x_wconf 88' lang='lat' dir='ltr'>mutet</span> <span class='ocrx_word' id='word_1_121' title='bbox 1076 2409 1190 2469; x_wconf 85' lang='lat' dir='ltr'>filiurn.</span> 
     </span>
    </p>

    <p class='ocr_par' dir='ltr' id='par_1_4' title="bbox 468 2506 1347 2802">
     <span class='ocr_line' id='line_1_19' title="bbox 469 2506 1347 2594; baseline 0.003 -22"><span class='ocrx_word' id='word_1_122' title='bbox 469 2513 558 2584; x_wconf 77' lang='lat' dir='ltr'>Quod</span> <span class='ocrx_word' id='word_1_123' title='bbox 572 2506 699 2590; x_wconf 85' lang='lat' dir='ltr'>quidem</span> <span class='ocrx_word' id='word_1_124' title='bbox 714 2531 771 2589; x_wconf 89' lang='lat' dir='ltr'>ego</span> <span class='ocrx_word' id='word_1_125' title='bbox 785 2513 879 2573; x_wconf 76' lang='lat' dir='ltr'>nimis</span> <span class='ocrx_word' id='word_1_126' title='bbox 894 2532 987 2592; x_wconf 90' lang='lat' dir='ltr'>quam</span> <span class='ocrx_word' id='word_1_127' title='bbox 1001 2512 1093 2592; x_wconf 82' lang='lat' dir='ltr'>eripio</span> <span class='ocrx_word' id='word_1_128' title='bbox 1107 2515 1169 2586; x_wconf 68' lang='lat' dir='ltr'>tut</span> <span class='ocrx_word' id='word_1_129' title='bbox 1183 2514 1347 2594; x_wconf 84' lang='lat' dir='ltr'>impetret:</span> 
     </span>
     <span class='ocr_line' id='line_1_20' title="bbox 468 2616 1275 2698; baseline 0.004 -21"><span class='ocrx_word' id='word_1_130' title='bbox 468 2618 550 2678; x_wconf 87' lang='lat' dir='ltr'>Nam</span> <span class='ocrx_word' id='word_1_131' title='bbox 565 2618 600 2677; x_wconf 93' lang='lat' dir='ltr'>ni</span> <span class='ocrx_word' id='word_1_132' title='bbox 614 2616 703 2677; x_wconf 86' lang='lat' dir='ltr'>illum</span> <span class='ocrx_word' id='word_1_133' title='bbox 719 2617 839 2696; x_wconf 82' lang='lat' dir='ltr'>resipit,</span> <span class='ocrx_word' id='word_1_134' title='bbox 854 2617 901 2678; x_wconf 86' lang='lat' dir='ltr'>ml</span> <span class='ocrx_word' id='word_1_135' title='bbox 916 2624 964 2679; x_wconf 88' lang='lat' dir='ltr'>est</span> <span class='ocrx_word' id='word_1_136' title='bbox 978 2638 1038 2697; x_wconf 91' lang='lat' dir='ltr'>quo</span> <span class='ocrx_word' id='word_1_137' title='bbox 1052 2638 1102 2679; x_wconf 94' lang='lat' dir='ltr'>me</span> <span class='ocrx_word' id='word_1_138' title='bbox 1118 2619 1275 2698; x_wconf 73' lang='lat' dir='ltr'>recipiam.</span> 
     </span>
     <span class='ocr_line' id='line_1_21' title="bbox 470 2721 1253 2802; baseline 0.003 -19"><span class='ocrx_word' id='word_1_139' title='bbox 470 2722 627 2796; x_wconf 68' lang='lat' dir='ltr'>tNullast</span> <span class='ocrx_word' id='word_1_140' title='bbox 641 2741 713 2802; x_wconf 86' lang='lat' dir='ltr'>spes</span> <span class='ocrx_word' id='word_1_141' title='bbox 727 2721 917 2783; x_wconf 79' lang='lat' dir='ltr'>iuuentutis:</span> <span class='ocrx_word' id='word_1_142' title='bbox 941 2742 1008 2784; x_wconf 90' lang='lat' dir='ltr'>sese</span> <span class='ocrx_word' id='word_1_143' title='bbox 1022 2723 1124 2785; x_wconf 87' lang='lat' dir='ltr'>omnis</span> <span class='ocrx_word' id='word_1_144' title='bbox 1137 2732 1253 2785; x_wconf 90' lang='lat' dir='ltr'>amant.</span> 
     </span>
    </p>
   </div>
   <div class='ocr_carea' id='block_1_4' title="bbox 469 2828 1403 3326">
    <p class='ocr_par' dir='ltr' id='par_1_5' title="bbox 469 2828 1403 3116">
     <span class='ocr_line' id='line_1_22' title="bbox 470 2828 1403 2906; baseline 0.004 -19"><span class='ocrx_word' id='word_1_145' title='bbox 470 2828 530 2888; x_wconf 94' lang='lat' dir='ltr'>Ille</span> <span class='ocrx_word' id='word_1_146' title='bbox 545 2829 669 2888; x_wconf 84' lang='lat' dir='ltr'>demum</span> <span class='ocrx_word' id='word_1_147' title='bbox 684 2828 823 2906; x_wconf 90' lang='lat' dir='ltr'>antiquis</span> <span class='ocrx_word' id='word_1_148' title='bbox 838 2829 886 2888; x_wconf 89' lang='lat' dir='ltr'>est</span> <span class='ocrx_word' id='word_1_149' title='bbox 900 2829 1082 2891; x_wconf 83' lang='lat' dir='ltr'>adulescens</span> <span class='ocrx_word' id='word_1_150' title='bbox 1097 2830 1243 2906; x_wconf 82' lang='lat' dir='ltr'>neribus,</span> <span class='ocrx_word' id='word_1_151' title='bbox 1360 2846 1403 2891; x_wconf 85' lang='lat'>105</span> 
     </span>
     <span class='ocr_line' id='line_1_23' title="bbox 469 2931 1261 3013; baseline 0.003 -20"><span class='ocrx_word' id='word_1_152' title='bbox 469 2932 586 3004; x_wconf 82' lang='lat' dir='ltr'>Quoius</span> <span class='ocrx_word' id='word_1_153' title='bbox 601 2931 771 3011; x_wconf 72' lang='lat' dir='ltr'>nimquam</span> <span class='ocrx_word' id='word_1_154' title='bbox 786 2934 907 2993; x_wconf 88' lang='lat' dir='ltr'>uoltum</span> <span class='ocrx_word' id='word_1_155' title='bbox 922 2935 1128 3013; x_wconf 73' lang='lat' dir='ltr'>trenquillaui</span> <span class='ocrx_word' id='word_1_156' title='bbox 1143 2935 1261 3013; x_wconf 73' lang='lat' dir='ltr'>gretiis.</span> 
     </span>
     <span class='ocr_line' id='line_1_24' title="bbox 469 3037 1193 3116; baseline 0.001 -16"><span class='ocrx_word' id='word_1_157' title='bbox 469 3038 630 3115; x_wconf 83' lang='lat' dir='ltr'>Condigne</span> <span class='ocrx_word' id='word_1_158' title='bbox 644 3044 735 3116; x_wconf 88' lang='lat' dir='ltr'>pater</span> <span class='ocrx_word' id='word_1_159' title='bbox 749 3044 797 3099; x_wconf 92' lang='lat' dir='ltr'>est</span> <span class='ocrx_word' id='word_1_160' title='bbox 812 3037 878 3099; x_wconf 81' lang='lat' dir='ltr'>eiris</span> <span class='ocrx_word' id='word_1_161' title='bbox 894 3045 1032 3101; x_wconf 85' lang='lat' dir='ltr'>moratus</span> <span class='ocrx_word' id='word_1_162' title='bbox 1047 3041 1193 3102; x_wconf 83' lang='lat' dir='ltr'>menibus.</span> 
     </span>
    </p>

    <p class='ocr_par' dir='ltr' id='par_1_6' title="bbox 469 3143 1243 3223">
     <span class='ocr_line' id='line_1_25' title="bbox 469 3143 1243 3223; baseline 0.004 -21"><span class='ocrx_word' id='word_1_163' title='bbox 469 3143 561 3203; x_wconf 81' lang='lat' dir='ltr'>Nune</span> <span class='ocrx_word' id='word_1_164' title='bbox 576 3143 616 3203; x_wconf 72' lang='lat' dir='ltr'>ed</span> <span class='ocrx_word' id='word_1_165' title='bbox 630 3162 702 3202; x_wconf 89' lang='lat' dir='ltr'>eum</span> <span class='ocrx_word' id='word_1_166' title='bbox 717 3161 852 3221; x_wconf 86' lang='lat' dir='ltr'>pergam.</span> <span class='ocrx_word' id='word_1_167' title='bbox 896 3145 950 3204; x_wconf 87' lang='lat' dir='ltr'>sed</span> <span class='ocrx_word' id='word_1_168' title='bbox 965 3145 1105 3223; x_wconf 88' lang='lat' dir='ltr'>aperitur</span> <span class='ocrx_word' id='word_1_169' title='bbox 1118 3145 1243 3221; x_wconf 84' lang='lat' dir='ltr'>estium,</span> 
     </span>
    </p>

    <p class='ocr_par' dir='ltr' id='par_1_7' title="bbox 469 3247 1121 3326">
     <span class='ocr_line' id='line_1_26' title="bbox 469 3247 1121 3326; baseline 0.005 -18"><span class='ocrx_word' id='word_1_170' title='bbox 469 3248 559 3308; x_wconf 86' lang='lat' dir='ltr'>Vnde</span> <span class='ocrx_word' id='word_1_171' title='bbox 574 3247 739 3309; x_wconf 73' lang='lat' dir='ltr'>seturitate</span> <span class='ocrx_word' id='word_1_172' title='bbox 754 3248 847 3326; x_wconf 88' lang='lat' dir='ltr'>saepe</span> <span class='ocrx_word' id='word_1_173' title='bbox 860 3268 918 3326; x_wconf 89' lang='lat' dir='ltr'>ego</span> <span class='ocrx_word' id='word_1_174' title='bbox 932 3249 995 3308; x_wconf 82' lang='lat' dir='ltr'>exii</span> <span class='ocrx_word' id='word_1_175' title='bbox 1010 3250 1121 3311; x_wconf 90' lang='lat' dir='ltr'>ebrius.</span> 
     </span>
    </p>
   </div>
   <div class='ocr_carea' id='block_1_5' title="bbox 0 0 1776 4784">
    <p class='ocr_par' dir='ltr' id='par_1_8' title="bbox 0 0 1776 4784">
     <span class='ocr_line' id='line_1_27' title="bbox 0 0 1776 4784; baseline 0 0"><span class='ocrx_word' id='word_1_176' title='bbox 0 0 1776 4784; x_wconf 95' lang='lat' dir='ltr'> </span> 
     </span>
    </p>
   </div>
  </div>
 </body>
</html>
